3728 5258
447 477 515 552 106
802 475 980 550 DOVER
1006 474 1285 552 CHARTERS

964 685 1153 766 XXXV.

759 857 851 940 xxxj
875 857 1105 940 Decembris,
1128 873 1165 926 rr
1189 857 1265 928 Ric.
1289 859 1335 926 11.

442 1010 535 1085 Hsc
561 1012 750 1087 indentura
774 1029 923 1089 testatur
948 1016 1048 1115 quod
1071 1015 1250 1110 Johannes
1275 1017 1431 1116 Monyn,
1457 1015 1588 1117 Major,
1614 1031 1650 1088 et

440 1113 619 1206 Johannes
657 1113 843 1202 Hamone,
877 1116 1039 1191 Thomas
1080 1115 1192 1209 Lord,
1236 1117 1415 1192 Robertus
1440 1117 1571 1215 Aleyn,
1613 1133 1650 1190 et

440 1214 621 1307 jonannes
648 1231 720 1290 atte
751 1215 875 1307 Melle,
902 1218 1064 1292 custodes
1080 1233 1206 1316 portus
1236 1219 1415 1310 Dovorre,
1442 1218 1586 1292 nomine
1614 1233 1651 1292 et

441 1339 582 1388 assensu
616 1316 730 1390 tocius
756 1316 1033 1394 Communitatis
1066 1335 1191 1418 portus
1224 1321 1371 1418 predicti
1405 1333 1651 1395 concesserunt

442 1432 478 1490 et
495 1416 539 1490 ad
556 1414 652 1491 feodi
666 1415 806 1492 firmam
831 1418 1042 1494 dimiserunt
1058 1419 1247 1495 Willelmo
1263 1420 1410 1494 Chilton
1427 1437 1463 1494 et
1478 1421 1650 1514 Johanne,

443 1517 546 1590 uxori
587 1517 675 1619 ejus,
720 1544 826 1594 unam
868 1520 1022 1617 placeam
1065 1536 1156 1595 terre
1198 1546 1307 1596 vacue
1341 1521 1518 1622 jacentem
1558 1517 1651 1594 infra

442 1617 642 1692 libertatem
658 1635 783 1716 portus
800 1621 967 1694 Dovorre
983 1622 1021 1696 in
1038 1622 1334 1697 Deremanwarde
1350 1623 1394 1698 ad
1408 1637 1650 1698 tenementum

442 1719 568 1793 ldonie
594 1720 738 1794 Soltone
771 1746 896 1796 versus
921 1724 1126 1812 northwest,
1154 1739 1192 1798 et
1225 1739 1353 1798 terram
1383 1723 1525 1798 Thorne
1550 1721 1650 1796 Lord

443 1845 566 1894 versus
593 1822 798 1911 southwest,
827 1839 863 1896 et
891 1823 1025 1922 regiam
1060 1840 1205 1898 stratam
1238 1849 1361 1898 versus
1394 1825 1585 1912 nortbeast,
1613 1839 1650 1896 et

444 1937 684 1995 tenementum
709 1921 858 2019 predicti
883 1923 1060 1998 Willelmi
1087 1949 1209 1998 versus
1234 1926 1418 2000 southest:
1445 1923 1595 2000 habend’
1613 1940 1650 1998 et

443 2023 584 2097 tenend‘
602 2022 795 2120 predictam
821 2025 974 2122 placeam
999 2041 1092 2100 terre
1117 2050 1199 2099 cum
1224 2027 1449 2126 pertinenciis
1473 2026 1547 2099 suis
1571 2051 1651 2124 pre-

444 2120 526 2197 fatis
542 2123 730 2197 Willelmo
745 2139 782 2198 et
797 2124 970 2219 Johanne,
985 2127 1088 2201 uxori
1105 2151 1179 2214 sue,
1200 2127 1390 2201 heredibus
1412 2145 1448 2202 et
1465 2127 1651 2227 assignatis

442 2223 554 2322 ipsius
596 2223 768 2298 Willelmi
810 2225 1098 2326 imperpetuum:
1142 2227 1302 2303 ffaciend’
1345 2229 1427 2304 inde
1468 2226 1650 2303 annuatim

443 2325 632 2400 servicium
665 2325 803 2401 domini
834 2327 942 2429 Regis
975 2353 1058 2402 cum
1091 2329 1256 2404 acciderit
1281 2329 1473 2404 secundum
1503 2353 1651 2404 consue-

444 2425 606 2501 tudinem
636 2442 762 2525 portus
786 2429 958 2526 predicti:
990 2444 1027 2503 et
1051 2429 1222 2504 reddend’
1239 2429 1323 2505 inde
1347 2430 1530 2506 annuatim
1557 2429 1650 2505 dicte

444 2527 690 2602 communitati
724 2543 760 2601 et
796 2529 1052 2604 successoribus
1084 2531 1158 2604 suis
1199 2530 1244 2604 ad
1281 2529 1410 2606 festum
1444 2529 1651 2606 Natiuitatis

445 2627 560 2701 Sancti
588 2629 760 2722 Johannis
788 2630 956 2728 Baptistc,
985 2655 1046 2704 sex
1071 2631 1233 2706 denarios
1260 2630 1512 2733 sterlingorum
1541 2632 1650 2706 annui

444 2727 630 2817 redditus3
656 2730 744 2804 etsi
770 2728 950 2829 predictus
965 2731 1128 2806 redditus
1152 2749 1268 2807 aretro
1284 2731 1394 2807 fuerit
1417 2735 1453 2806 in
1470 2749 1569 2833 parte
1594 2732 1650 2807 vel

443 2830 490 2903 in
511 2845 591 2904 toto
621 2831 714 2906 ultra
742 2832 936 2906 terminum
964 2833 1164 2932 predictum
1194 2850 1281 2908 tunc
1309 2833 1428 2910 licebit
1456 2833 1580 2908 ma’ori
1614 2850 1651 2907 et

444 2929 652 3005 custodibus
683 2948 720 3006 et
753 2931 827 3005 suis
850 2932 1117 3022 successoribus,
1145 2935 1208 3034 qui
1232 2959 1298 3033 pro
1320 2951 1480 3034 tempore
1504 2859 1650 3029 luerint,

443 3033 586 3106 nomine
598 3033 692 3108 dicte
703 3035 971 3109 communitatis
980 3035 1016 3108 in
1026 3034 1184 3132 predicta
1195 3037 1312 3134 places
1320 3053 1416 3111 terre
1428 3036 1651 3136 distringere,

442 3133 683 3208 districciones
721 3135 895 3212 abducere
920 3151 956 3210 et
996 3135 1147 3209 retinere
1179 3161 1369 3238 quousque
1406 3138 1451 3212 de
1492 3138 1653 3236 predicto

442 3234 587 3310 redditu
619 3234 729 3309 etde
761 3234 928 3311 omnibus
957 3234 1040 3311 inde
1069 3238 1252 3338 arreragiis
1280 3236 1350 3312 illis
1383 3237 1485 3336 plene
1517 3236 1652 3312 fuerint

442 3333 659 3410 satisfactum
676 3364 683 3410 :
712 3335 740 3408 si
758 3361 845 3410 vero
860 3337 1040 3434 predictus
1056 3338 1218 3413 redditus
1230 3356 1346 3414 aretro
1363 3336 1485 3429 fuerit,
1498 3338 1536 3412 in
1552 3356 1651 3436 parte

443 3435 499 3510 vel
528 3436 566 3509 in
595 3451 685 3524 toto,
703 3461 765 3534 per
790 3462 905 3511 unum
929 3463 1063 3512 annum
1089 3463 1203 3512 unum
1225 3439 1322 3514 diem
1339 3440 1431 3514 ultra
1455 3439 1650 3514 terminum

444 3537 630 3635 prefixum,
647 3553 684 3612 et
700 3537 878 3612 districcio
896 3539 1071 3612 sufficiens
1087 3540 1131 3612 ad
1149 3537 1305 3614 valorem
1322 3541 1410 3614 dicti
1434 3541 1597 3616 redditus
1613 3542 1649 3614 in

444 3637 600 3738 predicta
622 3637 739 3736 placea
763 3638 913 3712 inveniri
933 3664 1006 3713 non
1032 3641 1164 3738 poterit
1180 3657 1266 3714 tunc
1288 3641 1427 3715 licitum
1449 3641 1495 3716 sit
1517 3642 1650 3716 eisdem

444 3738 569 3840 majori
602 3754 639 3813 et
672 3739 879 3816 custodibus
908 3741 971 3841 qui
1006 3766 1072 3838 pro
1106 3757 1265 3840 tempore
1297 3739 1431 3817 fuerint
1460 3759 1650 3818 eteorum

443 3839 703 3916 successoribus
744 3840 888 3916 nomine
938 3842 1030 3916 dicte
1068 3843 1338 3923 ¹communitatis
1378 3844 1416 3916 in
1458 3843 1651 3942 predictam

443 3940 595 4040 placeam
628 3957 722 4016 terre
764 3967 846 4016 cum
880 3941 955 4016 suis
992 3943 1226 4041 pertinenciis,
1261 3945 1296 4018 in
1338 3969 1651 4045 quorumcumque

443 4067 569 4116 manus
597 4041 832 4143 imposterum
861 4043 1054 4133 devenerit,
1080 4045 1250 4118 reintrare
1275 4060 1310 4119 et
1340 4044 1435 4120 illam
1461 4046 1497 4118 in
1524 4072 1650 4120 manus

444 4169 524 4216 suas
553 4143 708 4216 reseisire
738 4160 773 4217 et
802 4143 978 4241 possidere
1009 4145 1043 4216 in
1075 4162 1170 4220 statu
1195 4147 1348 4244 pristino
1376 4147 1649 4245 imperpetuum,

442 4244 574 4344 absque
598 4245 855 4342 impedimento
884 4245 941 4320 vel
967 4246 1226 4321 contradicione
1255 4272 1380 4321 eorum
1407 4247 1580 4321 Willelmi
1615 4267 1651 4322 et

441 4345 603 4440 Jolranne
635 4346 806 4421 heredum
842 4362 903 4421 aut
932 4347 1189 4447 assignatorum
1225 4348 1334 4446 ipsius
1364 4347 1561 4422 Willelmi:
1600 4351 1650 4424 Et
