3728 5258
428 482 497 554 114
783 461 1263 541 uovsncnnnruns

891 762 1177 850 xxxvu.

839 965 879 1030 ix
898 963 996 1046 Juut,
1018 975 1058 1048 15
1079 965 1156 1034 th
1179 965 1226 1034 11.

425 1141 577 1216 Nown
616 1141 662 1215 sit
698 1141 864 1217 omnibus
892 1143 996 1218 istam
1025 1143 1250 1220 indenturam
1279 1143 1504 1220 cernentibus
1534 1145 1632 1247 quod

422 1243 602 1337 johannes
627 1240 737 1333 Giles,
767 1243 889 1345 Major
916 1244 1000 1320 ville
1031 1246 1207 1336 Dovorre,
1226 1246 1370 1320 nomine
1389 1247 1505 1322 tocius
1522 1244 1632 1320 Com-

425 1343 610 1417 munitatis
635 1343 794 1444 ejusdem
821 1346 917 1440 ville,
945 1346 1092 1421 tradidit
1118 1347 1162 1422 ad
1189 1345 1286 1423 feodi
1314 1347 1453 1422 firmam
1479 1345 1633 1443 Johanni

426 1447 553 1534 Boner,
571 1460 687 1534 naute,
716 1444 761 1519 de
784 1447 962 1537 Dovorra,
990 1447 1166 1549 quandam
1183 1449 1336 1546 placeam
1353 1461 1446 1524 terre
1457 1447 1633 1550 jacentem

425 1543 518 1619 infra
532 1543 732 1620 libertatem
749 1563 875 1645 portus
897 1549 1063 1623 Dovorre
1090 1548 1127 1624 in
1154 1547 1366 1641 Delfvvarde,
1390 1550 1482 1624 inter
1502 1566 1632 1623 terram

425 1645 596 1744 Johannis
612 1647 757 1745 Monyn
773 1673 895 1723 versus
915 1649 1108 1740 northeast,
1124 1666 1161 1725 et
1181 1666 1309 1724 terram
1324 1649 1498 1746 Johannis
1513 1648 1571 1724 of
1574 1648 1634 1722 ber

425 1773 549 1822 versus
572 1748 776 1838 southwest,
794 1765 830 1821 et
847 1750 1067 1850 mesuagium
1084 1751 1171 1826 dicti
1186 1752 1357 1846 johannis
1374 1777 1495 1828 versus
1512 1751 1635 1825 north-

428 1865 524 1939 west,
553 1864 589 1921 et
616 1865 746 1922 terram
774 1849 946 1923 heredum
973 1851 1071 1926 Petri
1100 1853 1219 1925 Reade
1246 1878 1368 1926 versus
1401 1852 1631 1928 southeasth:

427 1948 577 2023 habend’
594 1965 630 2022 et
647 1950 791 2024 tenend’
808 1951 1002 2050 predictam
1014 1951 1173 2125 placeam
1190 1969 1283 2028 terre
1299 1979 1382 2028 cum
1411 1951 1637 2053 pertinenciis

426 2051 499 2123 suis
528 2047 667 2147 prefato
694 2051 861 2147 Johanni,
891 2051 1012 2126 heredi
1039 2077 1081 2126 us
1113 2069 1149 2127 et
1178 2053 1361 2154 assignatis
1390 2056 1473 2145 suis,
1503 2055 1635 2154 imper-

428 2166 604 2251 petuum:
656 2148 806 2227 faciend'
856 2153 940 2227 inde
984 2153 1172 2228 servicium
1213 2155 1351 2230 domini
1392 2156 1485 2256 regis
1521 2179 1634 2255 quum

428 2251 584 2325 evenerit
600 2252 794 2326 secundum
811 2254 1102 2329 consuetudinem
1126 2271 1252 2353 portus
1275 2255 1479 2356 supradicti,
1498 2280 1634 2329 necnon

429 2351 567 2450 capitali
596 2353 745 2428 domino
773 2350 869 2427 feodi
899 2355 996 2430 illius
1024 2355 1144 2430 omnia
1168 2356 1313 2430 servicia
1341 2355 1462 2432 debita
1488 2357 1571 2430 inde
1598 2371 1636 2430 et

427 2468 617 2527 consueta:
646 2470 682 2527 et
698 2454 869 2529 reddend'
887 2455 971 2530 inde
986 2455 1167 2530 annuatim
1193 2457 1349 2574 predicte
1374 2457 1634 2532 Communitati

429 2579 542 2628 unum
559 2554 745 2628 deumium
761 2554 799 2628 in
816 2553 909 2631 festo
925 2557 1040 2632 Sancti
1055 2557 1227 2653 Johanms
1247 2558 1428 2658 Baptiste;
1454 2574 1491 2634 et
1506 2583 1636 2659 quum-

429 2681 571 2755 cunque
596 2655 754 2753 predicta
778 2681 894 2730 annua
913 2655 1015 2732 firma
1034 2673 1151 2733 aretro
1166 2656 1276 2733 fuerit
1293 2660 1414 2760 aliquo
1429 2685 1525 2735 anno
1542 2660 1636 2733 ultra

430 2755 623 2830 terminum
650 2756 850 2857 predictum
876 2782 939 2857 per
965 2783 1079 2832 unum
1105 2784 1239 2833 manum
1266 2776 1352 2835 tunc
1372 2760 1476 2835 liceat
1501 2757 1635 2860 Majori

429 2857 513 2933 ville
539 2857 707 2956 predicte,
733 2858 796 2959 qui
826 2883 894 2958 pro
910 2875 1071 2959 tempore
1087 2857 1209 2953 fuerit,
1227 2861 1358 2936 dictam
1375 2861 1528 2960 placeam
1545 2876 1637 2934 terre

429 2983 512 3034 cum
530 2959 755 3058 pertinenciis
770 2959 854 3050 suis,
871 2961 916 3035 ad
932 2986 1244 3062 quorumcumque
1267 2985 1392 3035 manus
1407 2961 1636 3060 'inposterum

430 3059 625 3150 devenerit,
652 3059 841 3162 reingredi,
869 3061 1051 3153 reintrare,
1080 3079 1116 3137 et
1142 3060 1283 3162 pacifice
1308 3062 1486 3161 possidere
1509 3061 1575 3136 sibi
1600 3077 1637 3135 et

432 3161 687 3236 successoribus
719 3162 791 3235 suis
824 3162 1110 3263 imperpetuum:
1146 3163 1198 3237 Et
1227 3165 1407 3261 predictus
1433 3162 1566 3264 Major,
1601 3179 1638 3236 et

432 3287 645 3336 successores
677 3263 745 3353 sui,
779 3287 818 3337 ac
860 3262 1107 3339 Communitas
1143 3263 1316 3380 predicta,
1358 3262 1638 3340 warantizabunt

434 3364 628 3462 predictam
655 3362 808 3463 placeam
835 3379 928 3438 terre
955 3389 1037 3439 cum
1108 3365 1287 3440 rnncnciis
1313 3364 1452 3464 prefato
1470 3364 1637 3462 Johanni,

433 3463 622 3539 heredibus
645 3479 682 3538 et
698 3463 882 3566 assignatis
898 3465 981 3556 suis,
1008 3466 1044 3540 in
1077 3491 1178 3540 orma
1193 3466 1360 3564 predicta,
1378 3483 1500 3542 contra
1515 3491 1639 3541 omnes

457 3581 564 3642 entes.

433 3591 457 3666 g
510 3667 552 3739 In
580 3665 682 3766 cujus
707 3667 758 3739 rei
784 3664 1028 3741 testimonium
1055 3683 1129 3742 tam
1153 3667 1182 3743 si
1209 3667 1218 3683 '
1249 3692 1311 3743 um
1330 3669 1529 3770 Maj0ratus
1546 3668 1639 3743 dicte

434 3766 517 3842 ville
542 3791 651 3868 quam
676 3765 834 3866 sigillum
859 3767 967 3867 ipsius
986 3769 1158 3864 Johannis
1209 3769 1372 3844 ternatim
1389 3785 1473 3843 sunt
1489 3793 1641 3869 appensa

433 3869 515 3942 huic
542 3867 738 3944 indenture.

510 3971 604 4043 Data
627 3971 794 4042 Dovorra
816 3968 924 4046 ixm0.
954 3971 1011 4045 die
1027 3969 1113 4067 Julii
1143 3996 1237 4045 anno
1254 3971 1353 4072 regni
1372 3971 1481 4070 Regis
1498 3971 1639 4046 Ricardi

434 4071 579 4145 secundi
605 4069 884 4171 quintodecimo.

439 4391 548 4491 [135]
