3728 5258
432 485 498 556 168
786 481 968 556 DOVER
996 480 1275 556 CHARTERS

905 835 907 837 -
964 781 1095 860 LVI.

776 955 913 1022 Ultimo
936 955 1035 1034 Maii,
1059 969 1099 1034 13
1121 953 1213 1020 Hen.
1238 952 1295 1020 1v.

426 1110 639 1184 Novxxrur
651 1110 807 1185 universi
825 1133 882 1183 me
899 1109 1077 1198 Ceciliam‚
1088 1107 1245 1182 relictam
1262 1106 1456 1182 Alexandri
1472 1107 1634 1198 Poltone,

426 1211 471 1284 de
489 1211 666 1302 Dovorra‚
685 1211 722 1284 in
740 1236 818 1283 mea
839 1210 1014 1285 viduitate
1030 1209 1215 1299 remisisse,
1235 1208 1413 1300 relaxasse,
1430 1226 1468 1283 et
1488 1208 1636 1282 omnino

426 1336 493 1409 pro
509 1327 619 1385 meet
635 1310 884 1386 executoribus
900 1312 988 1386 meis
1005 1313 1268 1411 imperpetuum
1289 1311 1454 1410 quietum
1472 1311 1636 1384 clamasse

426 1413 562 1513 Agneti
581 1413 744 1503 Poltone,
762 1412 833 1486 filie
850 1439 938 1502 mee,
956 1427 1077 1488 totum
1094 1437 1214 1485 meum
1226 1411 1289 1512 jus
1305 1427 1341 1485 et
1352 1411 1444 1512 juris
1462 1413 1636 1486 clamcum

427 1539 499 1614 que
524 1515 643 1604 habui,
670 1514 793 1603 habeo,
816 1539 879 1586 seu
905 1514 1036 1614 quovis
1055 1513 1167 1587 modo
1192 1511 1318 1585 habere
1336 1529 1472 1610 potero,
1500 1513 1536 1586 in
1563 1537 1637 1584 uno

428 1631 632 1690 tenemento
665 1615 739 1690 sive
781 1614 922 1690 stabulo
963 1615 1097 1688 situato
1139 1612 1231 1688 infra
1272 1612 1468 1687 libertatem
1503 1614 1638 1686 Portus

428 1718 594 1790 Dovorre
628 1717 665 1789 in
701 1716 1005 1813 Mankynewarde
1034 1715 1126 1790 inter
1167 1715 1300 1814 regiam
1330 1731 1472 1788 stratam
1514 1739 1638 1788 versus

427 1819 639 1904 southeeast‚
658 1834 694 1891 et
711 1833 842 1892 terram
870 1815 1017 1891 Roberti
1034 1816 1188 1914 Boydyn
1204 1841 1326 1889 versus
1350 1816 1576 1904 southewest,
1601 1831 1637 1886 et

428 1935 556 1992 terram
570 1917 711 1992 Thomc
728 1918 893 1992 Crouche
910 1943 1033 1992 versus
1049 1917 1274 2006 northewest,
1292 1932 1329 1989 et
1346 1918 1438 1991 inter
1455 1933 1637 1989 tenemen-

427 2035 508 2092 tum
524 2019 696 2114 Johannis
713 2019 862 2093 Petham
890 2045 1012 2093 versus
1033 2019 1257 2092 northeeast÷
1285 2018 1336 2091 ita
1352 2018 1452 2118 quod
1469 2043 1540 2092 non
1557 2042 1636 2117 ego,

428 2120 672 2218 prenominata
702 2119 843 2208 Cecilia,
875 2145 937 2192 nec
963 2119 1091 2219 aliquis
1125 2120 1270 2193 nomine
1296 2144 1386 2209 meo,
1415 2120 1451 2192 in
1478 2119 1638 2218 predicto

427 2237 631 2296 tenemento
652 2221 727 2294 sive
752 2219 893 2296 stabulo
917 2247 998 2295 cum
1026 2221 1099 2294 suis
1123 2219 1346 2318 pertinenciis
1371 2245 1435 2293 nec
1459 2219 1496 2293 in
1520 2219 1638 2319 aliqua

428 2339 527 2421 parte
560 2321 720 2423 ejusdem
754 2321 927 2422 quicquid
956 2321 1050 2422 juris
1089 2321 1314 2421 proprietatis
1347 2337 1408 2394 aut
1438 2319 1559 2396 clamei
1593 2321 1638 2394 de

427 2439 545 2498 cetero
571 2424 711 2523 exigere
737 2424 794 2498 vel
817 2424 1002 2497 vendicare
1030 2423 1200 2497 debemus
1233 2423 1269 2494 in
1299 2420 1478 2512 futurum,
1508 2438 1561 2494 set
1595 2420 1638 2495 ab

430 2525 528 2598 omni
551 2524 634 2598 inde
654 2525 748 2626 juris
772 2523 912 2597 accione
939 2523 1049 2597 simus
1073 2523 1203 2597 exclusi
1228 2548 1289 2623 per
1309 2540 1488 2622 presentes
1506 2522 1638 2622 imper-

429 2641 591 2724 petuum.
801 2683 802 2687 η

506 2726 547 2798 ln
590 2725 692 2826 cujus
742 2725 792 2798 rei
836 2725 1077 2799 testimonium
1122 2724 1274 2824 presenti
1316 2723 1475 2824 sigillum
1518 2750 1636 2799 meum

427 2827 585 2926 apposui.

505 2929 600 3002 Data
641 2929 809 3002 Dovorra
851 2927 982 3002 ultimo
1023 2929 1082 3001 die
1126 2927 1216 3000 Maii
1259 2951 1352 3000 anno
1394 2927 1492 3026 regni
1529 2927 1638 3027 Regis

430 3030 595 3120 Henrici,
620 3031 736 3129 quarti
763 3045 843 3127 post
868 3045 1101 3129 conquestum
1127 3027 1269 3128 Anglie,
1297 3028 1408 3102 tercio
1432 3029 1583 3102 decimo.
