<?xml version="1.0" encoding="UTF-8"?>
<!DOCTYPE html PUBLIC "-//W3C//DTD XHTML 1.0 Transitional//EN"
    "http://www.w3.org/TR/xhtml1/DTD/xhtml1-transitional.dtd">
<html xmlns="http://www.w3.org/1999/xhtml" xml:lang="en" lang="en">
 <head>
  <title>
</title>
<meta http-equiv="Content-Type" content="text/html;charset=utf-8" />
  <meta name='ocr-system' content='tesseract 3.04.00' />
  <meta name='ocr-capabilities' content='ocr_page ocr_carea ocr_par ocr_line ocrx_word'/>
</head>
<body>
  <div class='ocr_page' id='page_1' title='image "./doverchartersan00statgoog_0049.png"; bbox 0 0 3744 5296; ppageno 0'>
   <div class='ocr_carea' id='block_1_1' title="bbox 465 461 1300 537">
    <p class='ocr_par' dir='ltr' id='par_1_1' title="bbox 465 461 1300 537">
     <span class='ocr_line' id='line_1_1' title="bbox 465 461 1300 537; baseline -0.002 -1"><span class='ocrx_word' id='word_1_1' title='bbox 465 463 508 537; x_wconf 88' lang='lat'>16</span> <span class='ocrx_word' id='word_1_2' title='bbox 818 461 997 535; x_wconf 89' lang='lat' dir='ltr'><strong>DOVER</strong></span> <span class='ocrx_word' id='word_1_3' title='bbox 1023 461 1300 535; x_wconf 85' lang='lat' dir='ltr'>CHARTERS</span> 
     </span>
    </p>
   </div>
   <div class='ocr_carea' id='block_1_2' title="bbox 852 761 1258 1020">
    <p class='ocr_par' dir='ltr' id='par_1_2' title="bbox 852 761 1258 1020">
     <span class='ocr_line' id='line_1_2' title="bbox 986 761 1143 862; baseline 0.006 -21"><span class='ocrx_word' id='word_1_4' title='bbox 986 763 1058 842; x_wconf 92' lang='lat' dir='ltr'>v1</span> <span class='ocrx_word' id='word_1_5' title='bbox 1074 763 1093 841; x_wconf 89' lang='lat'>1</span> <span class='ocrx_word' id='word_1_6' title='bbox 1104 761 1143 862; x_wconf 89' lang='lat' dir='ltr'>J.</span> 
     </span>
     <span class='ocr_line' id='line_1_3' title="bbox 852 938 1258 1020; baseline 0.002 -17"><span class='ocrx_word' id='word_1_7' title='bbox 852 938 899 1020; x_wconf 81' lang='lat' dir='ltr'>rnj</span> <span class='ocrx_word' id='word_1_8' title='bbox 923 939 1023 1020; x_wconf 78' lang='lat' dir='ltr'>narr,</span> <span class='ocrx_word' id='word_1_9' title='bbox 1046 953 1086 1005; x_wconf 83' lang='grc' dir='ltr'>ιο</span> <span class='ocrx_word' id='word_1_10' title='bbox 1107 939 1207 1006; x_wconf 68' lang='lat' dir='ltr'>sev.</span> <span class='ocrx_word' id='word_1_11' title='bbox 1232 939 1258 1004; x_wconf 92' lang='lat'>1.</span> 
     </span>
    </p>
   </div>
   <div class='ocr_carea' id='block_1_3' title="bbox 452 1097 1665 3090">
    <p class='ocr_par' dir='ltr' id='par_1_3' title="bbox 452 1097 1665 2912">
     <span class='ocr_line' id='line_1_4' title="bbox 457 1097 1665 1198; baseline 0 -27"><span class='ocrx_word' id='word_1_12' title='bbox 457 1100 539 1171; x_wconf 74' lang='lat' dir='ltr'>Rex</span> <span class='ocrx_word' id='word_1_13' title='bbox 558 1097 688 1171; x_wconf 92' lang='lat' dir='ltr'>dilecto</span> <span class='ocrx_word' id='word_1_14' title='bbox 704 1113 740 1169; x_wconf 92' lang='lat' dir='ltr'>et</span> <span class='ocrx_word' id='word_1_15' title='bbox 757 1097 850 1172; x_wconf 87' lang='lat' dir='ltr'>fideli</span> <span class='ocrx_word' id='word_1_16' title='bbox 868 1124 935 1170; x_wconf 91' lang='lat' dir='ltr'>suo</span> <span class='ocrx_word' id='word_1_17' title='bbox 951 1099 1128 1198; x_wconf 85' lang='lat' dir='ltr'>Stephano</span> <span class='ocrx_word' id='word_1_18' title='bbox 1145 1100 1190 1173; x_wconf 93' lang='lat' dir='ltr'>de</span> <span class='ocrx_word' id='word_1_19' title='bbox 1211 1098 1440 1186; x_wconf 62' lang='lat' dir='ltr'>Penecestria</span> <span class='ocrx_word' id='word_1_20' title='bbox 1465 1097 1665 1172; x_wconf 87' lang='lat' dir='ltr'>Constabu-</span> 
     </span>
     <span class='ocr_line' id='line_1_5' title="bbox 455 1199 1665 1300; baseline 0.002 -30"><span class='ocrx_word' id='word_1_21' title='bbox 455 1199 542 1271; x_wconf 84' lang='lat' dir='ltr'>lario</span> <span class='ocrx_word' id='word_1_22' title='bbox 573 1199 687 1272; x_wconf 85' lang='lat' dir='ltr'>Castri</span> <span class='ocrx_word' id='word_1_23' title='bbox 718 1200 770 1270; x_wconf 90' lang='lat' dir='ltr'>sui</span> <span class='ocrx_word' id='word_1_24' title='bbox 802 1199 961 1273; x_wconf 87' lang='lat' dir='ltr'>Dovorie</span> <span class='ocrx_word' id='word_1_25' title='bbox 986 1216 1024 1272; x_wconf 53' lang='lat' dir='ltr'>‘et</span> <span class='ocrx_word' id='word_1_26' title='bbox 1054 1200 1206 1273; x_wconf 87' lang='lat' dir='ltr'><strong>Custodi</strong></span> <span class='ocrx_word' id='word_1_27' title='bbox 1241 1200 1401 1300; x_wconf 90' lang='lat' dir='ltr'>quinque</span> <span class='ocrx_word' id='word_1_28' title='bbox 1435 1200 1665 1273; x_wconf 88' lang='lat' dir='ltr'>Portuum-</span> 
     </span>
     <span class='ocr_line' id='line_1_6' title="bbox 453 1299 1664 1400; baseline 0.001 -28"><span class='ocrx_word' id='word_1_29' title='bbox 453 1299 620 1372; x_wconf 85' lang='lat' dir='ltr'><strong>Salutem.</strong></span> <span class='ocrx_word' id='word_1_30' title='bbox 673 1299 768 1396; x_wconf 76' lang='lat' dir='ltr'>Quia</span> <span class='ocrx_word' id='word_1_31' title='bbox 783 1327 826 1372; x_wconf 85' lang='lat' dir='ltr'>ex</span> <span class='ocrx_word' id='word_1_32' title='bbox 842 1299 983 1400; x_wconf 80' lang='lat' dir='ltr'>querela</span> <span class='ocrx_word' id='word_1_33' title='bbox 997 1303 1175 1374; x_wconf 90' lang='lat' dir='ltr'>Baronum</span> <span class='ocrx_word' id='word_1_34' title='bbox 1190 1317 1352 1374; x_wconf 90' lang='lat' dir='ltr'>nostrum</span> <span class='ocrx_word' id='word_1_35' title='bbox 1370 1300 1414 1373; x_wconf 88' lang='lat' dir='ltr'>de</span> <span class='ocrx_word' id='word_1_36' title='bbox 1435 1299 1664 1374; x_wconf 86' lang='lat' dir='ltr'>ffaveresham</span> 
     </span>
     <span class='ocr_line' id='line_1_7' title="bbox 455 1400 1664 1502; baseline 0.001 -29"><span class='ocrx_word' id='word_1_37' title='bbox 455 1400 668 1500; x_wconf 88' lang='lat' dir='ltr'>[accepimus</span> <span class='ocrx_word' id='word_1_38' title='bbox 684 1401 783 1498; x_wconf 88' lang='lat' dir='ltr'>quod</span> <span class='ocrx_word' id='word_1_39' title='bbox 800 1401 987 1475; x_wconf 86' lang='lat' dir='ltr'>Oswaldus</span> <span class='ocrx_word' id='word_1_40' title='bbox 999 1402 1035 1501; x_wconf 81' lang='grc'>·]</span> <span class='ocrx_word' id='word_1_41' title='bbox 1051 1401 1154 1475; x_wconf 85' lang='lat' dir='ltr'>abbas</span> <span class='ocrx_word' id='word_1_42' title='bbox 1169 1402 1328 1502; x_wconf 87' lang='lat' dir='ltr'>ejusdem</span> <span class='ocrx_word' id='word_1_43' title='bbox 1355 1401 1436 1488; x_wconf 89' lang='lat' dir='ltr'>loci,</span> <span class='ocrx_word' id='word_1_44' title='bbox 1462 1427 1525 1500; x_wconf 89' lang='lat' dir='ltr'>per</span> <span class='ocrx_word' id='word_1_45' title='bbox 1550 1428 1664 1502; x_wconf 87' lang='lat' dir='ltr'>quan·</span> 
     </span>
     <span class='ocr_line' id='line_1_8' title="bbox 454 1501 1665 1601; baseline -0.002 -25"><span class='ocrx_word' id='word_1_46' title='bbox 454 1503 535 1576; x_wconf 84' lang='lat' dir='ltr'>dam</span> <span class='ocrx_word' id='word_1_47' title='bbox 569 1501 865 1598; x_wconf 80' lang='lat' dir='ltr'>composicionem</span> <span class='ocrx_word' id='word_1_48' title='bbox 899 1502 1036 1576; x_wconf 91' lang='lat' dir='ltr'>dudum</span> <span class='ocrx_word' id='word_1_49' title='bbox 1070 1504 1162 1578; x_wconf 88' lang='lat' dir='ltr'>inter</span> <span class='ocrx_word' id='word_1_50' title='bbox 1191 1503 1308 1601; x_wconf 88' lang='lat' dir='ltr'>ipsum</span> <span class='ocrx_word' id='word_1_51' title='bbox 1337 1519 1373 1576; x_wconf 89' lang='lat' dir='ltr'>et</span> <span class='ocrx_word' id='word_1_52' title='bbox 1403 1505 1556 1576; x_wconf 85' lang='lat' dir='ltr'>Barones</span> <span class='ocrx_word' id='word_1_53' title='bbox 1585 1501 1665 1574; x_wconf 91' lang='lat' dir='ltr'>illos</span> 
     </span>
     <span class='ocr_line' id='line_1_9' title="bbox 455 1602 1662 1702; baseline 0 -27"><span class='ocrx_word' id='word_1_54' title='bbox 455 1603 589 1691; x_wconf 82' lang='lat' dir='ltr'>initam,</span> <span class='ocrx_word' id='word_1_55' title='bbox 608 1603 766 1675; x_wconf 86' lang='lat' dir='ltr'>invenire</span> <span class='ocrx_word' id='word_1_56' title='bbox 783 1602 986 1702; x_wconf 84' lang='lat' dir='ltr'>[debeatur]</span> <span class='ocrx_word' id='word_1_57' title='bbox 1003 1629 1115 1677; x_wconf 91' lang='lat' dir='ltr'>unum</span> <span class='ocrx_word' id='word_1_58' title='bbox 1134 1604 1315 1676; x_wconf 89' lang='lat' dir='ltr'>hominem</span> <span class='ocrx_word' id='word_1_59' title='bbox 1339 1603 1383 1677; x_wconf 86' lang='lat' dir='ltr'>ad</span> <span class='ocrx_word' id='word_1_60' title='bbox 1401 1620 1542 1678; x_wconf 84' lang='lat' dir='ltr'>custum</span> <span class='ocrx_word' id='word_1_61' title='bbox 1558 1628 1662 1676; x_wconf 90' lang='lat' dir='ltr'>suurn</span> 
     </span>
     <span class='ocr_line' id='line_1_10' title="bbox 454 1702 1664 1804; baseline -0.001 -27"><span class='ocrx_word' id='word_1_62' title='bbox 454 1705 498 1777; x_wconf 79' lang='lat' dir='ltr'>ad</span> <span class='ocrx_word' id='word_1_63' title='bbox 515 1702 737 1776; x_wconf 86' lang='lat' dir='ltr'>custodiend’</span> <span class='ocrx_word' id='word_1_64' title='bbox 756 1703 933 1802; x_wconf 73' lang='lat' dir='ltr'>prisonem</span> <span class='ocrx_word' id='word_1_65' title='bbox 952 1721 1108 1778; x_wconf 86' lang='lat' dir='ltr'>nostram</span> <span class='ocrx_word' id='word_1_66' title='bbox 1126 1703 1275 1804; x_wconf 90' lang='lat' dir='ltr'>ibid[em</span> <span class='ocrx_word' id='word_1_67' title='bbox 1294 1704 1380 1804; x_wconf 87' lang='lat' dir='ltr'>una]</span> <span class='ocrx_word' id='word_1_68' title='bbox 1407 1730 1490 1778; x_wconf 87' lang='lat' dir='ltr'>cum</span> <span class='ocrx_word' id='word_1_69' title='bbox 1507 1705 1664 1804; x_wconf 90' lang='lat' dir='ltr'>quodam</span> 
     </span>
     <span class='ocr_line' id='line_1_11' title="bbox 455 1804 1663 1901; baseline 0 -24"><span class='ocrx_word' id='word_1_70' title='bbox 455 1805 524 1877; x_wconf 86' lang='lat' dir='ltr'>alio</span> <span class='ocrx_word' id='word_1_71' title='bbox 549 1804 693 1876; x_wconf 87' lang='lat' dir='ltr'>homine</span> <span class='ocrx_word' id='word_1_72' title='bbox 718 1829 780 1901; x_wconf 90' lang='lat' dir='ltr'>per</span> <span class='ocrx_word' id='word_1_73' title='bbox 807 1805 923 1878; x_wconf 87' lang='lat' dir='ltr'>dictos</span> <span class='ocrx_word' id='word_1_74' title='bbox 941 1805 1095 1878; x_wconf 87' lang='lat' dir='ltr'>Barones</span> <span class='ocrx_word' id='word_1_75' title='bbox 1112 1807 1156 1880; x_wconf 87' lang='lat' dir='ltr'>ad</span> <span class='ocrx_word' id='word_1_76' title='bbox 1174 1806 1241 1878; x_wconf 88' lang='lat' dir='ltr'>boc</span> <span class='ocrx_word' id='word_1_77' title='bbox 1259 1805 1489 1896; x_wconf 79' lang='lat' dir='ltr'>inveniend’3</span> <span class='ocrx_word' id='word_1_78' title='bbox 1515 1821 1551 1878; x_wconf 90' lang='lat' dir='ltr'>et</span> <span class='ocrx_word' id='word_1_79' title='bbox 1568 1805 1663 1879; x_wconf 90' lang='lat' dir='ltr'>idem</span> 
     </span>
     <span class='ocr_line' id='line_1_12' title="bbox 454 1903 1663 2006; baseline 0.003 -30"><span class='ocrx_word' id='word_1_80' title='bbox 454 1903 576 1977; x_wconf 87' lang='lat' dir='ltr'>Abbas</span> <span class='ocrx_word' id='word_1_81' title='bbox 605 1904 684 2004; x_wconf 88' lang='lat' dir='ltr'>[per</span> <span class='ocrx_word' id='word_1_82' title='bbox 700 1904 846 1978; x_wconf 87' lang='lat' dir='ltr'>eandem</span> <span class='ocrx_word' id='word_1_83' title='bbox 864 1905 1160 2002; x_wconf 83' lang='lat' dir='ltr'>composicionem</span> <span class='ocrx_word' id='word_1_84' title='bbox 1177 1906 1357 1980; x_wconf 90' lang='lat' dir='ltr'>hominem</span> <span class='ocrx_word' id='word_1_85' title='bbox 1375 1905 1593 2006; x_wconf 88' lang='lat' dir='ltr'>predictum]</span> <span class='ocrx_word' id='word_1_86' title='bbox 1619 1907 1663 1980; x_wconf 86' lang='lat' dir='ltr'>ad</span> 
     </span>
     <span class='ocr_line' id='line_1_13' title="bbox 453 2005 1663 2106; baseline -0.001 -27"><span class='ocrx_word' id='word_1_87' title='bbox 453 2005 673 2079; x_wconf 88' lang='lat' dir='ltr'>custodiend’</span> <span class='ocrx_word' id='word_1_88' title='bbox 703 2005 881 2105; x_wconf 85' lang='lat' dir='ltr'>prisonam</span> <span class='ocrx_word' id='word_1_89' title='bbox 911 2005 1104 2104; x_wconf 84' lang='lat' dir='ltr'>predictam</span> <span class='ocrx_word' id='word_1_90' title='bbox 1130 2007 1305 2081; x_wconf 90' lang='lat' dir='ltr'>invenerit</span> <span class='ocrx_word' id='word_1_91' title='bbox 1335 2008 1407 2106; x_wconf 88' lang='lat' dir='ltr'>ipse</span> <span class='ocrx_word' id='word_1_92' title='bbox 1433 2007 1663 2081; x_wconf 88' lang='lat' dir='ltr'>nihilominus</span> 
     </span>
     <span class='ocr_line' id='line_1_14' title="bbox 454 2105 1664 2208; baseline 0.001 -30"><span class='ocrx_word' id='word_1_93' title='bbox 454 2106 521 2180; x_wconf 93' lang='lat' dir='ltr'>hoc</span> <span class='ocrx_word' id='word_1_94' title='bbox 544 2107 620 2206; x_wconf 83' lang='lat' dir='ltr'>jam</span> <span class='ocrx_word' id='word_1_95' title='bbox 650 2105 764 2180; x_wconf 84' lang='lat' dir='ltr'>facere</span> <span class='ocrx_word' id='word_1_96' title='bbox 790 2123 915 2181; x_wconf 87' lang='lat' dir='ltr'>contra</span> <span class='ocrx_word' id='word_1_97' title='bbox 939 2107 1043 2207; x_wconf 92' lang='lat' dir='ltr'>[dicit</span> <span class='ocrx_word' id='word_1_98' title='bbox 1065 2108 1184 2181; x_wconf 89' lang='lat' dir='ltr'>minus</span> <span class='ocrx_word' id='word_1_99' title='bbox 1194 2108 1315 2208; x_wconf 90' lang='lat' dir='ltr'>juste:</span> <span class='ocrx_word' id='word_1_100' title='bbox 1345 2109 1423 2182; x_wconf 93' lang='lat' dir='ltr'>Nos</span> <span class='ocrx_word' id='word_1_101' title='bbox 1439 2109 1664 2181; x_wconf 79' lang='lat' dir='ltr'>advertentes</span> 
     </span>
     <span class='ocr_line' id='line_1_15' title="bbox 453 2205 1663 2322; baseline 0 -42"><span class='ocrx_word' id='word_1_102' title='bbox 453 2207 570 2322; x_wconf 84' lang='lat' dir='ltr'>quod]</span> <span class='ocrx_word' id='word_1_103' title='bbox 598 2233 660 2305; x_wconf 88' lang='lat' dir='ltr'>per</span> <span class='ocrx_word' id='word_1_104' title='bbox 686 2205 866 2280; x_wconf 86' lang='lat' dir='ltr'>defectum</span> <span class='ocrx_word' id='word_1_105' title='bbox 893 2208 1051 2282; x_wconf 88' lang='lat' dir='ltr'>custodie</span> <span class='ocrx_word' id='word_1_106' title='bbox 1069 2209 1274 2309; x_wconf 91' lang='lat' dir='ltr'>hujusmodi</span> <span class='ocrx_word' id='word_1_107' title='bbox 1291 2208 1425 2283; x_wconf 88' lang='lat' dir='ltr'>futuris</span> <span class='ocrx_word' id='word_1_108' title='bbox 1444 2208 1663 2306; x_wconf 89' lang='lat' dir='ltr'>temporibus</span> 
     </span>
     <span class='ocr_line' id='line_1_16' title="bbox 453 2308 1662 2410; baseline 0 -28"><span class='ocrx_word' id='word_1_109' title='bbox 453 2324 586 2406; x_wconf 88' lang='lat' dir='ltr'>potent</span> <span class='ocrx_word' id='word_1_110' title='bbox 603 2308 799 2406; x_wconf 87' lang='lat' dir='ltr'>perieulum</span> <span class='ocrx_word' id='word_1_111' title='bbox 826 2310 984 2401; x_wconf 89' lang='lat' dir='ltr'>iminere,</span> <span class='ocrx_word' id='word_1_112' title='bbox 1012 2308 1113 2384; x_wconf 91' lang='lat' dir='ltr'>vobis</span> <span class='ocrx_word' id='word_1_113' title='bbox 1138 2309 1362 2410; x_wconf 86' lang='lat' dir='ltr'>[mandamus</span> <span class='ocrx_word' id='word_1_114' title='bbox 1386 2310 1485 2410; x_wconf 93' lang='lat' dir='ltr'>quod</span> <span class='ocrx_word' id='word_1_115' title='bbox 1512 2309 1662 2409; x_wconf 91' lang='lat' dir='ltr'>inquisi-</span> 
     </span>
     <span class='ocr_line' id='line_1_17' title="bbox 452 2407 1659 2510; baseline 0.001 -28"><span class='ocrx_word' id='word_1_116' title='bbox 452 2411 587 2482; x_wconf 86' lang='lat' dir='ltr'>tionem</span> <span class='ocrx_word' id='word_1_117' title='bbox 634 2407 769 2482; x_wconf 82' lang='lat' dir='ltr'>faciatis</span> <span class='ocrx_word' id='word_1_118' title='bbox 815 2410 860 2483; x_wconf 87' lang='lat' dir='ltr'>de</span> <span class='ocrx_word' id='word_1_119' title='bbox 906 2410 1065 2510; x_wconf 85' lang='lat' dir='ltr'>quere]la</span> <span class='ocrx_word' id='word_1_120' title='bbox 1111 2411 1353 2510; x_wconf 84' lang='lat' dir='ltr'>predictorum</span> <span class='ocrx_word' id='word_1_121' title='bbox 1396 2411 1588 2499; x_wconf 86' lang='lat' dir='ltr'>Baronum,</span> <span class='ocrx_word' id='word_1_122' title='bbox 1632 2410 1659 2483; x_wconf 89' lang='lat' dir='ltr'>si</span> 
     </span>
     <span class='ocr_line' id='line_1_18' title="bbox 452 2510 1658 2628; baseline 0 -44"><span class='ocrx_word' id='word_1_123' title='bbox 452 2510 654 2584; x_wconf 89' lang='lat' dir='ltr'>inveneritis</span> <span class='ocrx_word' id='word_1_124' title='bbox 673 2510 719 2582; x_wconf 86' lang='lat' dir='ltr'>ita</span> <span class='ocrx_word' id='word_1_125' title='bbox 733 2535 816 2598; x_wconf 88' lang='lat' dir='ltr'>esse,</span> <span class='ocrx_word' id='word_1_126' title='bbox 832 2526 917 2583; x_wconf 87' lang='lat' dir='ltr'>tunc</span> <span class='ocrx_word' id='word_1_127' title='bbox 927 2510 1104 2609; x_wconf 84' lang='lat' dir='ltr'>prefatum</span> <span class='ocrx_word' id='word_1_128' title='bbox 1117 2511 1295 2585; x_wconf 85' lang='lat' dir='ltr'>Abbatem</span> <span class='ocrx_word' id='word_1_129' title='bbox 1310 2512 1491 2586; x_wconf 90' lang='lat' dir='ltr'>hominem</span> <span class='ocrx_word' id='word_1_130' title='bbox 1504 2511 1658 2628; x_wconf 88' lang='lat' dir='ltr'>[predic-</span> 
     </span>
     <span class='ocr_line' id='line_1_19' title="bbox 452 2611 1661 2712; baseline 0.001 -27"><span class='ocrx_word' id='word_1_131' title='bbox 452 2629 531 2686; x_wconf 93' lang='lat' dir='ltr'>tum</span> <span class='ocrx_word' id='word_1_132' title='bbox 558 2612 603 2685; x_wconf 89' lang='lat' dir='ltr'>ad</span> <span class='ocrx_word' id='word_1_133' title='bbox 629 2611 807 2711; x_wconf 87' lang='lat' dir='ltr'>prisonam</span> <span class='ocrx_word' id='word_1_134' title='bbox 834 2611 929 2686; x_wconf 86' lang='lat' dir='ltr'>illam</span> <span class='ocrx_word' id='word_1_135' title='bbox 957 2613 1175 2686; x_wconf 88' lang='lat' dir='ltr'>custodiend&#39;</span> <span class='ocrx_word' id='word_1_136' title='bbox 1207 2612 1380 2712; x_wconf 86' lang='lat' dir='ltr'>in]venire</span> <span class='ocrx_word' id='word_1_137' title='bbox 1407 2611 1551 2700; x_wconf 81' lang='lat' dir='ltr'>faciatis,</span> <span class='ocrx_word' id='word_1_138' title='bbox 1570 2613 1661 2686; x_wconf 88' lang='lat' dir='ltr'>sicut</span> 
     </span>
     <span class='ocr_line' id='line_1_20' title="bbox 452 2712 1660 2811; baseline 0 -25"><span class='ocrx_word' id='word_1_139' title='bbox 452 2713 489 2786; x_wconf 90' lang='lat' dir='ltr'>id</span> <span class='ocrx_word' id='word_1_140' title='bbox 517 2738 579 2811; x_wconf 88' lang='lat' dir='ltr'>per</span> <span class='ocrx_word' id='word_1_141' title='bbox 606 2712 902 2810; x_wconf 88' lang='lat' dir='ltr'>composicionem</span> <span class='ocrx_word' id='word_1_142' title='bbox 934 2715 1128 2811; x_wconf 83' lang='lat' dir='ltr'>predictam</span> <span class='ocrx_word' id='word_1_143' title='bbox 1157 2713 1270 2787; x_wconf 86' lang='lat' dir='ltr'>facere</span> <span class='ocrx_word' id='word_1_144' title='bbox 1287 2713 1392 2789; x_wconf 89' lang='lat' dir='ltr'>debet</span> <span class='ocrx_word' id='word_1_145' title='bbox 1408 2731 1444 2789; x_wconf 88' lang='lat' dir='ltr'>et</span> <span class='ocrx_word' id='word_1_146' title='bbox 1463 2715 1552 2788; x_wconf 89' lang='lat' dir='ltr'>solet</span> <span class='ocrx_word' id='word_1_147' title='bbox 1569 2731 1660 2788; x_wconf 90' lang='lat' dir='ltr'>tem-</span> 
     </span>
     <span class='ocr_line' id='line_1_21' title="bbox 452 2812 843 2912; baseline -0.003 -25"><span class='ocrx_word' id='word_1_148' title='bbox 452 2812 600 2912; x_wconf 89' lang='lat' dir='ltr'>poribus</span> <span class='ocrx_word' id='word_1_149' title='bbox 616 2812 843 2912; x_wconf 79' lang='lat' dir='ltr'>[retroactis].</span> 
     </span>
    </p>

    <p class='ocr_par' dir='ltr' id='par_1_4' title="bbox 452 2913 1657 3090">
     <span class='ocr_line' id='line_1_22' title="bbox 527 2913 1657 3016; baseline 0.001 -30"><span class='ocrx_word' id='word_1_150' title='bbox 527 2913 634 2988; x_wconf 89' lang='lat' dir='ltr'>Teste</span> <span class='ocrx_word' id='word_1_151' title='bbox 651 2939 710 2986; x_wconf 91' lang='lat' dir='ltr'>me</span> <span class='ocrx_word' id='word_1_152' title='bbox 726 2914 805 3013; x_wconf 88' lang='lat' dir='ltr'>ipso</span> <span class='ocrx_word' id='word_1_153' title='bbox 821 2915 915 3012; x_wconf 87' lang='lat' dir='ltr'>apud</span> <span class='ocrx_word' id='word_1_154' title='bbox 933 2915 1190 2990; x_wconf 86' lang='lat' dir='ltr'>Gloucestriam</span> <span class='ocrx_word' id='word_1_155' title='bbox 1207 2915 1256 3016; x_wconf 87' lang='lat' dir='ltr'>iiij</span> <span class='ocrx_word' id='word_1_156' title='bbox 1276 2915 1333 2989; x_wconf 90' lang='lat' dir='ltr'>die</span> <span class='ocrx_word' id='word_1_157' title='bbox 1347 2915 1438 2988; x_wconf 88' lang='lat' dir='ltr'>Maii</span> <span class='ocrx_word' id='word_1_158' title='bbox 1451 2941 1545 2990; x_wconf 86' lang='lat' dir='ltr'>anno</span> <span class='ocrx_word' id='word_1_159' title='bbox 1558 2917 1657 3016; x_wconf 87' lang='lat' dir='ltr'>regni</span> 
     </span>
     <span class='ocr_line' id='line_1_23' title="bbox 452 3015 733 3090; baseline 0.004 -2"><span class='ocrx_word' id='word_1_160' title='bbox 452 3015 564 3090; x_wconf 90' lang='lat' dir='ltr'>nostri</span> <span class='ocrx_word' id='word_1_161' title='bbox 583 3015 733 3089; x_wconf 87' lang='lat' dir='ltr'>decimo.</span> 
     </span>
    </p>
   </div>
   <div class='ocr_carea' id='block_1_4' title="bbox 451 3187 1657 3432">
    <p class='ocr_par' dir='ltr' id='par_1_5' title="bbox 451 3187 1657 3432">
     <span class='ocr_line' id='line_1_24' title="bbox 511 3187 1657 3267; baseline 0.002 -20"><span class='ocrx_word' id='word_1_162' title='bbox 511 3189 607 3247; x_wconf 73' lang='lat' dir='ltr'>*Tne</span> <span class='ocrx_word' id='word_1_163' title='bbox 623 3208 707 3248; x_wconf 87' lang='lat' dir='ltr'>name</span> <span class='ocrx_word' id='word_1_164' title='bbox 721 3187 744 3246; x_wconf 85' lang='lat' dir='ltr'>is</span> <span class='ocrx_word' id='word_1_165' title='bbox 765 3189 868 3248; x_wconf 84' lang='lat' dir='ltr'>almost</span> <span class='ocrx_word' id='word_1_166' title='bbox 891 3189 1014 3267; x_wconf 85' lang='lat' dir='ltr'>entirely</span> <span class='ocrx_word' id='word_1_167' title='bbox 1029 3189 1165 3265; x_wconf 84' lang='lat' dir='ltr'>illegible.</span> <span class='ocrx_word' id='word_1_168' title='bbox 1211 3190 1236 3246; x_wconf 94' lang='lat' dir='ltr'>lt</span> <span class='ocrx_word' id='word_1_169' title='bbox 1252 3190 1330 3248; x_wconf 84' lang='lat' dir='ltr'>looks</span> <span class='ocrx_word' id='word_1_170' title='bbox 1345 3190 1403 3248; x_wconf 84' lang='lat' dir='ltr'>like</span> <span class='ocrx_word' id='word_1_171' title='bbox 1418 3191 1540 3262; x_wconf 86' lang='lat' dir='ltr'>Alanus,</span> <span class='ocrx_word' id='word_1_172' title='bbox 1556 3191 1608 3249; x_wconf 88' lang='lat' dir='ltr'>but</span> <span class='ocrx_word' id='word_1_173' title='bbox 1627 3191 1657 3249; x_wconf 91' lang='lat' dir='ltr'>in</span> 
     </span>
     <span class='ocr_line' id='line_1_25' title="bbox 451 3268 1657 3432; baseline 0.002 -104"><span class='ocrx_word' id='word_1_174' title='bbox 451 3271 529 3412; x_wconf 44' lang='grc' dir='ltr'>ἓξὲξ</span> <span class='ocrx_word' id='word_1_175' title='bbox 545 3269 647 3428; x_wconf 49' lang='grc' dir='ltr'>ἕξξὶ</span> <span class='ocrx_word' id='word_1_176' title='bbox 655 3268 761 3432; x_wconf 60' lang='lat' dir='ltr'>2l;.2M.‚</span> <span class='ocrx_word' id='word_1_177' title='bbox 788 3273 864 3347; x_wconf 80' lang='lat'>5827</span> <span class='ocrx_word' id='word_1_178' title='bbox 891 3271 911 3332; x_wconf 87' lang='lat' dir='ltr'>f.</span> <span class='ocrx_word' id='word_1_179' title='bbox 938 3287 992 3348; x_wconf 82' lang='lat'>¹52</span> <span class='ocrx_word' id='word_1_180' title='bbox 1008 3270 1035 3343; x_wconf 88' lang='lat' dir='ltr'>b,</span> <span class='ocrx_word' id='word_1_181' title='bbox 1052 3271 1203 3330; x_wconf 86' lang='lat' dir='ltr'>Oswaldus</span> <span class='ocrx_word' id='word_1_182' title='bbox 1217 3270 1253 3328; x_wconf 91' lang='lat' dir='ltr'>de</span> <span class='ocrx_word' id='word_1_183' title='bbox 1271 3270 1363 3330; x_wconf 86' lang='lat' dir='ltr'>Estria</span> <span class='ocrx_word' id='word_1_184' title='bbox 1379 3272 1402 3330; x_wconf 85' lang='lat' dir='ltr'>is</span> <span class='ocrx_word' id='word_1_185' title='bbox 1416 3273 1501 3348; x_wconf 83' lang='lat' dir='ltr'>given</span> <span class='ocrx_word' id='word_1_186' title='bbox 1516 3293 1545 3332; x_wconf 87' lang='lat' dir='ltr'>as</span> <span class='ocrx_word' id='word_1_187' title='bbox 1559 3272 1657 3331; x_wconf 84' lang='lat' dir='ltr'>Abbot</span> 
     </span>
    </p>
   </div>
   <div class='ocr_carea' id='block_1_5' title="bbox 0 0 1876 5296">
    <p class='ocr_par' dir='ltr' id='par_1_6' title="bbox 0 0 1876 5296">
     <span class='ocr_line' id='line_1_26' title="bbox 0 0 1876 5296; baseline 0 1"><span class='ocrx_word' id='word_1_188' title='bbox 0 0 1876 5296; x_wconf 95' lang='lat' dir='ltr'> </span> 
     </span>
    </p>
   </div>
  </div>
 </body>
</html>
