3702 5254
445 507 518 582 300
803 479 984 558 novun
1011 461 1290 556 ennarrans

443 703 544 761 extra
576 709 721 760 manum
749 685 894 786 regiam,
927 699 1008 758 ante
1049 683 1251 782 predictum
1285 681 1393 773 diem,
1427 677 1535 754 factas
1576 679 1652 752 sive

444 803 683 890 perpetratas:
710 811 749 859 ac
774 787 894 860 omnia
918 785 1035 858 exitus
1059 801 1095 858 et
1119 782 1275 883 proficua
1299 782 1493 856 eorundem
1514 805 1654 854 maner·

443 891 561 964 iorum
579 905 752 962 terrarum
768 903 1056 962 tenementorum
1074 885 1333 982 possessionum
1346 882 1653 958 ethereditamen-

445 1009 576 1078 torum,
593 1005 629 1064 et
646 988 833 1090 cujuslibet
858 989 939 1062 inde
956 985 1117 1087 parcelle,
1134 1005 1215 1060 ante
1230 985 1430 1084 predictum
1448 985 1652 1058 vicesimum

444 1093 595 1166 tercium
629 1091 724 1165 diem
759 1090 906 1190 Aprilis,
940 1115 1003 1188 per
1036 1089 1131 1188 ipsos
1166 1085 1357 1181 Maiorem,
1393 1085 1580 1174 Ballivum,
1616 1100 1653 1157 et

447 1192 752 1269 communitatem
782 1209 843 1266 aut
870 1216 932 1290 per
958 1213 1218 1290 quemcumque
1251 1188 1363 1262 alium
1389 1203 1553 1286 percepta
1577 1187 1652 1258 sive

445 1313 608 1393 recepta:
633 1319 672 1368 ac
697 1293 816 1367 omnia
832 1294 947 1366 exitus
966 1307 1002 1364 et
1019 1290 1177 1389 proficua
1199 1289 1396 1364 eorundem
1414 1288 1653 1362 maneriorum

445 1413 618 1469 terrarum
661 1409 945 1469 tenementorum
995 1410 1031 1466 et
1078 1391 1437 1465 hereditamentorum
1479 1411 1655 1490 quorum-

445 1521 609 1597 cumque,
642 1514 723 1570 ante
764 1495 917 1569 eundem
959 1493 1066 1584 diem,
1101 1491 1290 1567 crescentia
1328 1491 1402 1564 sive
1441 1491 1657 1590 emergentia

448 1598 592 1698 Majori,
620 1596 767 1687 Ballivo,
786 1613 821 1670 et
847 1594 1106 1670 Communitati
1133 1594 1257 1667 damus
1282 1609 1317 1666 et
1343 1592 1567 1666 concedimus
1591 1616 1655 1689 per

447 1716 622 1798 presentes
648 1697 797 1771 habend’
814 1713 851 1771 et
873 1695 1088 1794 percipiend’
1112 1711 1183 1768 tam
1205 1719 1267 1792 per
1286 1719 1412 1766 manus
1436 1717 1525 1781 suas,
1543 1717 1653 1792 quam

446 1826 508 1900 per
533 1824 658 1873 manus
682 1815 899 1874 escaetorum
925 1797 1135 1872 ballivorum
1171 1794 1410 1868 firmariorum
1434 1811 1470 1867 et
1504 1818 1652 1892 occupa-

445 1921 567 1975 torum
600 1900 806 1988 eorundem,
843 1899 918 1972 sive
959 1898 1107 1999 alicujus
1147 1897 1355 1983 eorundem,
1390 1895 1464 1968 sive
1507 1893 1654 1994 alicujus

447 2001 607 2102 parcelle,
632 1999 763 2100 absque
797 2016 967 2098 compoto
999 2025 1060 2072 seu
1095 1998 1215 2097 aliquo
1249 1997 1318 2070 alio
1345 1996 1428 2069 inde
1462 1995 1564 2068 nobis
1597 1995 1655 2069 vel

448 2101 632 2176 heredibus
675 2102 804 2175 nostris
845 2100 1016 2175 reddend'
1059 2098 1216 2174 solvend’
1254 2099 1310 2171 vel
1353 2094 1515 2171 faciend’.
1592 2099 1651 2168 Ac

449 2205 614 2276 lusurus
654 2203 902 2300 perdonamus,
945 2200 1162 2274 remittimus
1203 2215 1239 2272 et
1287 2197 1482 2271 relaxamus
1522 2195 1655 2270 eisdem

450 2303 599 2405 Majori,
634 2301 784 2392 Ballivo,
819 2319 855 2374 et
890 2301 1147 2376 Communitati
1190 2323 1314 2374 omnes
1355 2316 1391 2372 et
1432 2299 1656 2372 omnimodas

447 2404 672 2493 intrusiones,
689 2403 982 2502 transgressiones
998 2419 1034 2476 et
1059 2403 1248 2502 ingressus,
1266 2425 1328 2498 per
1346 2401 1439 2498 ipsos
1462 2400 1655 2501 Majorem,

449 2505 635 2594 ballivum,
653 2521 688 2578 et
719 2505 1022 2580 Communiutem
1047 2503 1084 2576 in
1110 2526 1335 2602 quecumque
1363 2501 1518 2574 maneria
1546 2517 1658 2574 terras

447 2623 648 2681 tenementa
664 2605 899 2705 possessiones
916 2631 977 2679 seu
995 2604 1274 2679 hereditamenta
1291 2619 1421 2690 nostra,
1432 2619 1493 2675 aut
1510 2600 1656 2702 alicujus

449 2707 719 2807 progenitorum
737 2723 956 2796 nostrorum,
975 2730 1109 2780 necnon
1128 2729 1436 2804 quorumcumque
1454 2703 1656 2777 tenencium

448 2823 666 2900 nostrorum,
696 2825 758 2882 aut
788 2807 987 2882 teneneium
1020 2805 1168 2906 alicujus
1197 2805 1435 2905 progenitoris
1468 2805 1541 2877 sive
1575 2829 1657 2902 pre·

449 2911 672 2984 decessorum
706 2925 921 3001 nostrorum,
957 2909 995 2982 in
1033 2907 1192 2982 custodia
1233 2923 1361 2994 nostra,
1406 2930 1468 2979 seu
1510 2903 1658 3004 alicujus

450 3012 720 3112 progenitorum
747 3026 961 3101 nostrorum,
979 3007 1211 3083 existentium
1229 3033 1290 3080 seu
1312 3033 1383 3080 non
1400 3007 1654 3079 existencium:

449 3138 487 3186 ac
510 3113 732 3187 omnimodas
757 3113 938 3210 rapciones
962 3109 1195 3185 abducciones
1220 3125 1256 3182 et
1281 3109 1462 3206 capciones
1487 3132 1656 3206 quarum-

449 3239 601 3314 cumque
630 3214 799 3288 heredum
826 3211 1025 3286 tenencium
1063 3228 1268 3284 nostrorum
1298 3225 1360 3282 aut
1394 3207 1541 3308 alicujus
1574 3232 1659 3307 pro-

448 3316 620 3415 genitoris
638 3317 748 3389 nostri
766 3315 822 3387 vel
839 3314 990 3387 aliorum
1008 3335 1334 3411 quorumcumque,
1353 3309 1465 3398 nobis,
1476 3325 1537 3382 aut
1554 3309 1657 3383 alicui

448 3417 717 3516 progenitorum
747 3431 948 3488 nostrorum
979 3412 1246 3511 pertinencium,
1276 3427 1358 3484 ante
1392 3411 1527 3484 dictum
1561 3411 1656 3485 diem

450 3515 558 3590 factas
598 3533 635 3588 et
673 3515 830 3589 habitas:
872 3540 911 3588 ac
947 3539 1072 3587 omnes
1109 3513 1195 3587 lines
1238 3529 1274 3586 et
1317 3509 1554 3585 forisfacturas
1593 3537 1659 3609 pro

452 3616 647 3716 maritagio,
681 3633 744 3688 aut
786 3614 916 3705 valore,
946 3630 1008 3690 aut
1042 3613 1176 3712 duplici
1219 3613 1347 3701 valore,
1392 3611 1658 3713 maritagiorum

449 3719 643 3793 eorundem
663 3717 843 3805 heredum,
860 3733 896 3790 et
921 3741 1045 3790 eorum
1071 3712 1270 3816 cujuslibet,
1288 3731 1369 3788 ante
1394 3714 1547 3788 eundern
1564 3712 1659 3787 diem

451 3818 721 3893 maritatorum:
747 3817 797 3892 Et
815 3843 920 3892 omne
937 3818 974 3891 id
991 3819 1090 3919 quod
1108 3818 1152 3892 ad
1171 3841 1234 3890 nos
1247 3817 1284 3889 in
1298 3815 1362 3888 hac
1379 3830 1476 3913 parte
1494 3815 1661 3914 pertinet,

451 3945 513 3994 seu
531 3920 706 4018 pertinere
723 3920 838 4007 debet,
856 3937 917 3994 aut
944 3919 1144 3994 debuisset:
1172 3943 1211 3991 ac
1228 3919 1346 3992 omnia
1368 3917 1483 3991 exitus
1498 3915 1661 3989 redditus

452 4021 677 4095 revenciones
706 4037 742 4093 et
768 4019 925 4119 proficua
958 4019 1121 4094 omnium
1146 4017 1397 4118 premissorum
1428 4043 1491 4118 per
1518 4017 1661 4092 eosdem

453 4123 642 4223 Majorem,
671 4119 855 4210 Ballivum,
887 4138 924 4196 et
948 4120 1253 4194 Communitatem
1278 4135 1359 4192 ante
1384 4120 1534 4192 eundem
1564 4118 1659 4192 diem

451 4239 614 4322 percepta
630 4240 666 4297 et
684 4222 802 4300 habita
817 4247 827 4310 3
853 4239 888 4295 et
906 4223 1029 4296 eadem
1043 4221 1205 4296 redditus
1222 4219 1447 4296 revenciones
1459 4237 1495 4293 et
1507 4220 1663 4319 prolicua

451 4325 583 4398 eisdem
611 4323 757 4425 Majori,
776 4323 926 4412 Ballivo,
944 4340 979 4396 et
1006 4320 1264 4396 Communitati
1289 4322 1415 4395 damus
1439 4337 1475 4396 et
1500 4321 1660 4394 concedi·
