3738 5244
466 469 532 557 148
822 461 1003 536 uovsn
1032 459 1312 534 CHARTERS

964 764 1008 841 X
1025 763 1061 842 L
1076 763 1094 842 l
1110 761 1166 841 X.

811 937 846 1018 iij
867 937 1040 1017 anurrrll,
1062 949 1084 1018 5
1106 901 1197 1002 Heri·
1223 935 1282 1001 tv.

458 1089 606 1162 Scrnrsr
643 1106 821 1189 presentes
861 1106 897 1162 et
940 1090 1052 1164 futuri
1086 1091 1184 1190 quod
1214 1115 1292 1190 ego,
1334 1090 1514 1185 Johannes
1547 1087 1671 1176 Wille,

460 1191 645 1282 corveiser,
663 1191 744 1266 dedi
762 1190 928 1280 concessi,
945 1207 980 1264 et
999 1192 1061 1264 hac
1087 1189 1239 1290 presenti
1258 1207 1352 1264 carta
1372 1215 1449 1264 mea
1465 1189 1670 1264 confirmavi

461 1291 603 1366 Thome
630 1308 686 1366 ate
713 1291 877 1367 Crouche
900 1292 945 1366 de
971 1293 1139 1366 Dovorra
1170 1317 1283 1364 unum
1316 1306 1562 1365 tenementum
1588 1315 1669 1364 cum

460 1393 533 1466 suis
550 1394 775 1491 pertinenciis
789 1395 961 1467 situatum
978 1392 1072 1466 infra
1089 1392 1287 1467 libertatem
1302 1394 1432 1468 Portus
1450 1393 1616 1466 Dovorre
1633 1391 1671 1463 in

462 1495 807 1584 Halvendenwarde,
825 1493 968 1582 scilicet,
987 1493 1077 1568 inter
1094 1493 1227 1594 regiam
1244 1509 1389 1568 stratam
1406 1518 1527 1568 versus
1545 1493 1672 1566 south-

460 1612 543 1684 east,
561 1612 596 1670 et
622 1595 801 1696 quandam
827 1620 1054 1669 communem
1079 1596 1253 1669 venellam
1280 1619 1400 1669 versus
1425 1593 1617 1684 northeast,
1634 1611 1671 1666 et

461 1713 702 1770 tenementum
721 1695 892 1770 Willelmi
907 1697 1043 1770 Knotte
1061 1721 1184 1770 versus
1201 1696 1394 1770 southwest
1411 1713 1447 1769 et
1465 1695 1670 1782 northwest,

461 1797 561 1896 quod
591 1798 736 1896 quidem
780 1812 1018 1870 tenementum
1063 1823 1175 1897 nuper
1209 1797 1252 1871 ad
1280 1797 1383 1872 uisivi
1418 1797 1462 1870 de
1507 1797 1671 1891 Johanne

461 1897 593 1994 Beneyt
632 1914 668 1970 et
701 1897 844 1971 Thoma
877 1896 1050 1986 Coumbe,
1080 1898 1225 1986 clericis,
1254 1823 1420 1972 ilenrico
1449 1897 1597 1970 Petham
1635 1913 1671 1969 et

460 1999 621 2092 Johanne
644 1999 819 2072 Petham:
857 1997 1004 2074 habend'
1031 2016 1067 2073 et
1093 1999 1234 2074 tenend’
1262 1999 1399 2072 dictum
1429 2014 1670 2072 tenementum

460 2124 543 2172 cum
568 2099 732 2172 omnibus
757 2100 829 2173 suis
847 2098 1069 2199 pertinenciis
1094 2099 1235 2199 prefato
1259 2099 1402 2172 Thome
1425 2115 1479 2173 ate
1506 2099 1671 2173 Crouche

461 2199 648 2274 heredibus
681 2216 717 2274 et
750 2200 824 2274 suis
853 2199 1034 2300 assignatis
1064 2201 1352 2298 imperpetuum:
1398 2199 1558 2274 l'r'aciend’
1589 2200 1671 2273 inde

459 2301 647 2375 servicium
673 2301 809 2374 domini
834 2301 928 2401 regis
953 2328 1034 2376 cum
1068 2303 1232 2376 acciderit
1257 2302 1455 2376 secundum
1481 2318 1671 2375 consuetu-

460 2403 579 2478 dinem
594 2419 717 2500 portus
729 2402 889 2501 predicti,
903 2429 942 2476 ac
959 2403 1068 2476 eciam
1082 2402 1288 2502 capitalibus
1300 2402 1454 2476 dominis
1466 2402 1562 2476 feodi
1575 2401 1671 2475 illius

459 2503 605 2578 servicia
629 2503 711 2577 inde
736 2504 855 2578 debita
878 2521 914 2577 et
934 2503 978 2576 de
998 2503 1081 2604 jure
1105 2519 1300 2578 consueta:
1329 2503 1378 2576 Et
1403 2528 1472 2604 ego
1492 2504 1670 2602 predictus

459 2603 637 2700 Johannes
667 2603 777 2677 Wille
809 2622 846 2677 et
876 2605 1019 2679 heredes
1049 2605 1118 2678 mei
1145 2605 1283 2680 dictum
1314 2620 1557 2678 tenementum
1586 2627 1668 2678 cum

460 2705 627 2778 omnibus
658 2706 732 2778 suis
772 2705 996 2804 pertinenciis
1029 2706 1190 2804 predicto
1224 2706 1366 2780 Thome
1409 2721 1464 2779 ate
1507 2704 1669 2779 Crouche

460 2803 646 2881 heredibus
675 2823 711 2880 et
740 2806 813 2880 suis
846 2807 1028 2908 assignatis
1053 2823 1175 2881 contra
1204 2833 1328 2881 omnes
1354 2824 1478 2907 gentes
1507 2807 1670 2881 waranti-

459 2906 907 3006 zabimusimperpetuum.

534 3010 577 3082 ln
593 3008 694 3110 cujus
710 3009 759 3081 rei
778 3007 1024 3082 testimonium
1041 3007 1124 3082 huic
1142 3009 1294 3107 presenti
1308 3024 1401 3082 carte
1418 3032 1495 3081 mee
1512 3007 1669 3108 sigillum
1688 3067 1689 3070 ,

460 3135 581 3185 meum
598 3109 754 3209 apposui.

535 3212 630 3285 Data
663 3211 831 3284 Dovorra
864 3209 974 3284 tercio
1006 3209 1065 3284 die
1105 3209 1262 3304 Januarii
1297 3235 1391 3283 anno
1425 3211 1523 3311 regni
1560 3210 1670 3310 Regis

462 3311 613 3385 Henrici
630 3311 747 3411 quarti
764 3327 845 3410 post
862 3327 1096 3410 conquestum
1114 3311 1246 3412 Anglie
1262 3309 1398 3411 quinto.

537 3412 624 3486 Hiis
649 3411 822 3485 testibus:
849 3412 1009 3506 Johanne
1028 3410 1183 3508 Monyn,
1202 3428 1288 3486 tunc
1315 3412 1455 3513 Majore
1474 3413 1667 3498 Dovorre;

459 3511 620 3609 Johanne
645 3513 818 3602 Alkham,
843 3528 1022 3587 attornato
1055 3511 1206 3602 Ballivi3
1256 3513 1418 3608 johanne
1452 3513 1668 3600 Evebroke;

459 3613 603 3687 Thoma
643 3613 771 3702 Lord;
822 3611 965 3687 Thoma
1006 3612 1164 3702 Clerke;
1215 3613 1400 3689 Wdlelmo
1443 3613 1668 3703 Hanecoke;

461 3713 616 3788 Ricardo
631 3715 805 3790 Sedenore
823 3739 834 3804 ;
860 3732 895 3789 et
912 3715 998 3789 aliis.
