3616 5264
461 462 534 558 43⁶
821 461 999 537 DOVER
1025 461 1302 536 CHARTERS

904 659 1171 742 CXXVII
1186 659 1218 741 1.

850 831 884 916 'J'
906 831 1141 917 Septembri&
1161 833 1185 900 ⁶
1204 833 1295 900 Elii·

458 985 549 1061 Hac
572 985 762 1062 indentura
780 1003 932 1062 testatur
954 987 1054 1088 quod
1070 987 1232 1062 Thomas
1257 987 1409 1086 Pcpper,
1428 987 1553 1089 Major
1577 987 1676 1060 Villc

456 1103 492 1162 et
533 1087 666 1162 Portus
698 1089 835 1178 Dovor,
876 1089 1054 1184 Johannes
1094 1089 1260 1188 Sweting‚
1303 1087 1508 1162 Willclmus
1553 1089 1674 1186 Ryvc,

458 1187 615 1263 Richard
640 1187 812 1280 Huward,
836 1206 874 1264 et
898 1189 1103 1264 Willeimus
1131 1189 1342 1279 Unthankc,
1367 1189 1551 1264 Custodes
1575 1189 1675 1262 dicte

456 1287 552 1379 ville,
569 1291 734 1364 unanime
757 1315 900 1364 assensu
921 1307 958 1366 et
982 1315 1158 1365 concensu
1183 1315 1249 1390 pro
1272 1305 1309 1364 et
1332 1289 1369 1362 in
1393 1291 1539 1364 nomine
1557 1291 1673 1364 totius

456 1391 733 1466 communitatis
757 1391 913 1494 ejusdem
931 1391 1014 1464 ville
1032 1391 1266 1484 tradiderunt,
1283 1407 1544 1480 concesserunt,
1563 1407 1604 1464 et
1627 1392 1673 1464 ad

455 1489 618 1567 *feodsm
643 1491 781 1566 firmam
806 1491 1018 1566 dimiserunt
1042 1489 1264 1567 Christofero
1288 1491 1413 1581 Eliott
1441 1491 1600 1566 devilia
1635 1511 1671 1566 et

456 1609 564 1692 portu
589 1592 761 1691 predicto,
792 1591 950 1682 botcher,
976 1617 1083 1668 unam
1112 1594 1245 1692 peciam
1273 1607 1366 1666 terre
1388 1617 1470 1666 cum
1498 1591 1672 1666 omnibus

453 1694 526 1767 suis
542 1693 777 1792 pertinenciis,
789 1693 967 1793 jacentem
982 1711 1020 1768 et
1035 1693 1245 1768 existentem
1261 1691 1354 1766 infra
1363 1691 1566 1767 libertatem
1581 1692 1671 1766 ville

454 1811 490 1870 et
518 1809 643 1894 portus
671 1795 797 1868 Dovor
822 1794 978 1894 predicte
1007 1794 1045 1869 in
1072 1794 1224 1869 Morene
1239 1793 1385 1884 Warde,
1413 1794 1508 1867 inter
1532 1809 1668 1867 terram

455 1895 600 1969 domine
616 1895 748 1994 regine,
766 1911 927 1969 voertam
944 1898 981 1969 A
1002 1894 1222 1995 Myllhouse,
1240 1893 1350 1968 modo
1374 1893 1412 1967 in
1429 1895 1670 1993 occupacionc

455 1993 577 2090 Jacobi
605 1995 752 2082 Smithe‚
775 2019 896 2071 versus
921 1995 1143 2085 northwest3
1177 2011 1215 2070 et
1249 2009 1493 2069 tenementum
1518 2020 1564 2067 ex
1593 2021 1669 2068 una

455 2113 554 2194 parte
574 2096 736 2170 comunis
755 2095 874 2188 rivuli,
901 2095 1016 2170 vocati
1039 2096 1072 2172 le
1094 2095 1334 2184 allmeshouse,
1356 2111 1394 2169 et
1418 2111 1667 2169 tenementum

453 2221 498 2270 ex
514 2197 623 2270 altera
638 2212 737 2294 parte
753 2195 873 2284 rivuli,
892 2197 1006 2270 vocati
1018 2196 1052 2270 le
1067 2195 1309 2286 allmeshousc,
1319 2220 1440 2269 versus
1456 2196 1666 2284 southeast3

453 2311 490 2370 et
522 2295 654 2396 regiam
687 2311 832 2370 stratam
866 2321 988 2371 versus
1022 2295 1228 2386 northeast;
1270 2312 1307 2370 et
1339 2297 1471 2396 regiam
1504 2313 1666 2388 stratam,

455 2413 616 2472 vocatam
646 2397 679 2471 le
713 2396 992 2486 ffisshemerkett,
1021 2422 1143 2471 versus
1171 2396 1393 2485 southwest;
1418 2421 1489 2496 qua
1516 2397 1667 2496 quidem

455 2498 551 2596 pecia
584 2512 676 2571 terre
717 2495 877 2572 continet
917 2498 955 2572 in
992 2497 1217 2599 longitudine
1249 2497 1295 2571 ad
1328 2513 1464 2596 partem
1491 2497 1599 2598 juxta
1633 2499 1667 2571 le

456 2597 710 2672 ffishemerkett
744 2597 871 2698 viginti
901 2614 1036 2696 septem
1066 2598 1184 2699 pedes,
1211 2613 1248 2672 et
1281 2597 1326 2672 sd
1353 2613 1491 2696 partem
1517 2597 1666 2673 alteram

450 2699 556 2801 juxta
572 2698 705 2798 regiam
722 2713 868 2772 stratam
885 2699 1033 2800 triginta
1048 2715 1084 2774 et
1102 2724 1209 2772 unam
1227 2697 1343 2797 pedes,
1361 2715 1398 2772 et
1415 2697 1452 2772 in
1476 2699 1667 2772 latitudine

455 2798 500 2872 ad
530 2815 665 2897 partem
676 2797 783 2898 juxte
799 2797 831 2870 le
848 2797 1080 2874 allmeshousc
1105 2799 1254 2900 triginta
1269 2798 1386 2898 pedes,
1402 2815 1439 2872 et
1456 2799 1499 2872 ad
1516 2801 1665 2872 alteram

457 2917 592 3000 partem
609 2897 714 3000 juxta
730 2899 762 2972 le
788 2899 978 2974 millhousc
998 2899 1145 3000 triginta
1170 2899 1328 3000 quinque
1350 2899 1485 2998 pedes:
1512 2899 1665 2974 habend’

455 3016 491 3075 et
525 2996 668 3074 tenend’
711 2999 904 3098 predictam
947 2999 1081 3098 peciam
1124 3017 1216 3075 terre
1259 3025 1340 3073 cum
1382 2999 1547 3073 omnibus
1590 3001 1666 3074 suis

455 3099 680 3200 pertinenciis
696 3095 834 3198 prefato
851 3097 1076 3174 Christofero
1091 3100 1192 3175 Eiiot
1216 3099 1403 3174 heredibus
1419 3116 1455 3175 et
1481 3101 1666 3200 assignatis

455 3201 538 3292 suis,
555 3199 652 3274 etad
669 3225 775 3273 usum
792 3199 900 3300 ipsius
919 3198 1130 3276 Christofcri
1151 3199 1250 3274 Eliot
1267 3201 1440 3274 heredum
1456 3219 1493 3274 ct
1510 3201 1665 3301 assigna-

454 3318 575 3378 torum
604 3324 763 3390 suorum,
792 3325 859 3418 pro
884 3303 1038 3375 termino
1063 3301 1133 3402 rorj.
1168 3326 1352 3388 annorum,
1378 3317 1414 3376 et
1444 3301 1592 3375 ulterius
1619 3303 1666 3376 de

455 3403 524 3505 xxj.
544 3424 719 3476 annorum
736 3400 773 3474 in
789 3425 857 3502 xxj.
878 3427 1051 3476 annorum
1075 3417 1159 3475 tunc
1177 3401 1422 3500 proximorum
1439 3403 1664 3500 sequentium

455 3527 568 3604 usque
605 3501 643 3574 in
684 3500 791 3574 finem
833 3501 974 3575 termini
1016 3501 1169 3576 lrooorix.
1200 3526 1375 3575 annorum
1417 3502 1665 3601 proximorum

454 3603 680 3722 sequentium
714 3617 796 3700 post
829 3602 952 3675 datum
990 3605 1206 3702 presentium
1240 3601 1393 3701 plenarie
1433 3602 1663 3701 complend’:

454 3703 602 3780 factend’
620 3700 702 3774 inde
716 3701 904 3776 servicium
919 3703 1063 3776 domine
1081 3719 1200 3776 nostre
1216 3701 1336 3802 regine
1352 3718 1389 3775 ct
1406 3703 1667 3777 successoribus

456 3805 529 3880 suis
547 3799 744 3877 secundum
769 3805 1061 3878 consuetudinem
1086 3801 1168 3877 ville
1193 3803 1350 3902 predicte
1365 3826 1448 3877 cum
1472 3803 1663 3879 acciderit:

454 3920 491 3979 et
508 3902 677 3980 reddend’
688 3901 770 3974 inde
786 3903 967 3978 annuatim
985 3903 1117 4006 Majori
1134 3904 1228 3977 dicte
1246 3904 1329 3976 ville
1346 3903 1407 4002 qui
1420 3927 1487 4001 pro
1503 3921 1667 4002 tempore

456 4003 565 4080 fuerit
590 4021 627 4080 et
652 4000 858 4078 custodibus
882 4006 1042 4107 ejusdem
1067 4003 1105 4076 in
1130 4003 1238 4078 Festo
1262 4003 1532 4101 Assumpcionis
1557 4006 1667 4078 Beate

458 4107 574 4180 Marie
597 4102 756 4202 Virginis
784 4128 832 4178 vs.
861 4104 983 4206 legdis
1012 4119 1153 4180 monete
1180 4103 1334 4204 Anglie:
1362 4121 1398 4176 et
1424 4103 1453 4177 si
1480 4105 1666 4204 contingat
