3748 5266
436 455 508 528 216
796 403 976 526 novara
1003 448 1283 524 enarrans

436 652 558 725 modas
585 651 786 724 securitates
813 650 917 748 pacis,
944 664 1025 724 ante
1051 647 1205 724 eundem
1225 673 1360 723 nonum
1384 649 1479 722 diem
1497 647 1639 748 Aprilis,

437 752 598 824 similiter
627 748 845 825 forisfactas:
886 751 1051 824 Aceciam
1088 751 1211 824 tercias
1239 766 1276 824 et
1305 751 1490 823 terciarum
1521 751 1643 824 tercias

435 853 724 926 omnimodorum
766 852 1043 952 prisonariorum
1080 852 1116 924 in
1148 876 1274 952 guerra
1306 867 1490 949 captorum
1531 851 1643 939 nobis,

435 955 532 1028 dicto
560 979 656 1027 nono
681 955 740 1027 die
767 952 913 1050 Aprilis,
939 953 1241 1052 qualitercumque
1267 950 1401 1026 debitas
1430 954 1644 1051 pertinentes

435 1080 497 1128 seu
521 1070 716 1154 spectantes
748 1078 810 1151 per
842 1055 986 1128 eosdem
1021 1053 1210 1154 Majorem,
1243 1053 1432 1142 Ballivum‚
1463 1070 1500 1127 et
1534 1055 1644 1128 Com-

436 1157 671 1242 munitatem;
711 1179 847 1228 necnon
885 1155 1108 1228 omnimodas
1142 1155 1444 1253 transgressiones,
1481 1153 1642 1242 offensas,

437 1258 684 1354 misprisiones,
701 1272 937 1355 contemptus,
954 1272 989 1329 et
1011 1255 1251 1354 impericiones
1268 1280 1330 1354 per
1343 1256 1439 1353 ipsos
1453 1256 1642 1356 Majorcm,

436 1358 624 1446 Ballivum,
659 1373 696 1430 et
731 1358 1036 1432 Communitatem
1073 1373 1153 1430 ante
1192 1357 1329 1431 dictum
1369 1382 1505 1430 nonum
1547 1357 1641 1430 diem

436 1460 573 1558 Aprilis
615 1474 737 1532 contra
779 1456 930 1533 formam
963 1474 1037 1531 tam
1071 1481 1381 1556 quorumcumque
1415 1472 1642 1551 statutorum,

436 1561 727 1650 ordinacionium,
754 1577 791 1632 et
821 1559 1066 1656 provisionum
1100 1574 1179 1630 ante
1212 1560 1347 1633 dictum
1378 1584 1512 1632 nonum
1548 1560 1643 1633 diem

436 1663 583 1759 Aprilis,
601 1659 778 1734 factorum
798 1661 870 1732 sive
887 1661 1064 1733 editorum
1082 1660 1126 1733 de
1143 1660 1470 1759 perquisicionibus,
1487 1677 1645 1759 accepta-

436 1763 606 1848 cionibus,
646 1760 867 1848 leccionibus,
909 1759 1216 1860 publicacionibus,
1256 1760 1568 1849 notificacionibus,
1607 1776 1644 1834 et

436 1860 706 1936 execucionibus
760 1860 1039 1960 quibuscumque
1093 1886 1397 1961 quarumcumque
1444 1861 1642 1936 litterarum

436 1982 471 2038 et
514 1963 689 2036 bullarum
736 1963 1007 2060 apostolicarum
1054 1978 1135 2036 ante
1180 1963 1316 2036 dictum
1363 1987 1498 2035 nonum
1548 1963 1643 2037 diem

438 2065 584 2162 Aprilis,
609 2082 645 2137 et
670 2063 831 2137 omnium
857 2063 1005 2137 aliorum
1027 2079 1255 2154 statutorum,
1285 2064 1575 2152 ordinationum,
1607 2081 1644 2138 et

438 2167 694 2264 provisionum,
723 2180 887 2264 pretextu
915 2189 1070 2263 quorum
1096 2163 1211 2264 aliqua
1240 2181 1332 2238 secta
1352 2189 1474 2238 versus
1500 2165 1642 2239 eosdem

439 2266 629 2366 Majorem,
657 2263 843 2357 Ballivum,
870 2282 905 2338 et
934 2265 1237 2340 Communitatem
1264 2291 1326 2364 per
1353 2265 1472 2340 billam
1501 2267 1556 2339 vel
1582 2291 1644 2364 per

438 2366 543 2440 breve
570 2368 614 2441 de
644 2367 845 2466 premunire
872 2364 971 2456 faeta,
1002 2391 1063 2440 seu
1089 2367 1159 2440 alio
1185 2367 1295 2441 modo
1323 2391 1559 2482 quocumque,
1577 2392 1644 2465 pro

437 2469 554 2567 aliqua
578 2469 721 2541 materia
743 2482 823 2540 ante
841 2469 992 2542 eundem
1010 2493 1144 2541 nonum
1162 2467 1257 2542 diem
1274 2469 1409 2564 Aprilis
1427 2467 1501 2540 fien
1520 2467 1642 2560 valeat,

438 2593 544 2668 quam
563 2593 870 2667 quorumcumque
894 2570 1044 2641 aliorum
1072 2584 1300 2658 statutorum,
1328 2565 1437 2643 factas
1463 2569 1537 2642 sive
1563 2595 1645 2668 per-

437 2685 601 2768 petratas,
631 2669 772 2743 statutis
801 2669 1086 2742 ordinacionibus
1118 2686 1153 2742 et
1182 2669 1443 2767 provisionibus
1471 2670 1542 2743 illis
1571 2697 1643 2744 non

438 2769 683 2844 obstantibus:
718 2771 883 2844 Aceciam
909 2771 1191 2869 pardonavimus,
1217 2771 1425 2860 remisimus,
1450 2788 1486 2844 et
1513 2773 1644 2845 relaxa-

438 2873 559 2946 vimus
585 2871 718 2945 eisdem
747 2869 892 2972 Majori,
919 2871 1066 2960 Ballivo,
1088 2887 1124 2944 et
1142 2871 1400 2946 Communitati
1418 2872 1644 2946 omnimodos

438 2973 537 3060 fines,
567 2972 764 3073 adjudicata
782 2973 1073 3062 -amerciamenta,
1108 2973 1232 3062 exitus,
1265 2971 1475 3062 forisfactus,
1503 2973 1642 3064 relevia,

439 3075 603 3173 scutagia,
635 3099 673 3147 ac
696 3072 903 3147 omnimoda
928 3074 1058 3162 debita,
1081 3092 1258 3172 compota,
1284 3074 1440 3172 prestita,
1473 3076 1643 3176 arreragia

438 3175 620 3249 firmamm
638 3191 674 3248 et
690 3191 941 3274 compotorum
960 3175 1073 3263 nobis,
1089 3190 1170 3247 ante
1185 3175 1341 3274 primum
1361 3176 1457 3250 diem
1484 3175 1644 3275 Septem-

439 3275 510 3348 bris
537 3302 631 3349 anno
657 3276 757 3376 regni
786 3275 919 3348 nostri*
937 3276 1114 3365 vicesimo,
1131 3277 1433 3374 qualitercumque
1460 3275 1578 3352 debita
1607 3293 1643 3349 et

439 3377 677 3474 pertinencia;
708 3401 844 3450 necnon
867 3377 1090 3451 omnimodas
1112 3377 1267 3449 acciones
1283 3393 1319 3451 et
1341 3377 1531 3452 demandas
1556 3403 1643 3477 quas

439 3502 504 3550 nos
532 3477 637 3566 solus,
669 3479 726 3549 vel
756 3501 821 3550 nos
847 3476 1073 3577 conjunctim,
1101 3501 1182 3550 cum
1209 3477 1285 3550 aliis
1311 3481 1468 3576 personis
1496 3478 1551 3552 vel
1578 3480 1644 3552 alia

440 3601 599 3677 persona,
643 3577 810 3650 habemus
852 3602 914 3651 seu
957 3577 1085 3651 habere
1129 3579 1325 3677 poterimus
1376 3605 1497 3654 versus
1548 3579 1643 3678 ipsos

440 3677 631 3777 Majorem,
683 3677 871 3766 Ballivum,
924 3694 961 3752 et
1012 3678 1316 3753 Communitatem
1361 3705 1428 3778 pro
1469 3679 1644 3779 aliquibus

439 3779 642 3878 hujusmodi
673 3778 812 3870 finibus,
843 3768 1129 3873 inerciamentis,
1159 3780 1322 3870 exitibus,
1353 3781 1502 3871 releviis,
1529 3797 1643 3855 scuta-

438 3881 518 3979 giis,
536 3878 676 3971 debitis,
704 3881 888 3978 compotis,
912 3881 1079 3979 prestitis,
1106 3897 1142 3955 et
1168 3881 1362 3981 arreragiis,
1384 3898 1464 3957 ante
1489 3883 1641 3958 eundem

438 3981 595 4080 primum
613 3980 670 4053 die
688 3980 911 4078 Septembris,
929 3981 1033 4058 nobis
1057 3981 1185 4056 debitis
1201 4007 1212 4071 ;
1237 3983 1385 4055 aceciam
1404 3983 1590 4084 utlagarias
1606 3985 1643 4058 in

438 4083 533 4180 ipsos
565 4081 755 4181 Majorem,
785 4079 973 4175 Ballivum,
1002 4097 1039 4156 et
1072 4082 1374 4156 Communitatem
1404 4086 1643 4184 promulgatas

438 4208 505 4280 pro
530 4180 646 4281 aliqua
672 4207 855 4256 causarum
881 4184 1172 4281 supradictarum,
1200 4185 1417 4259 omnimodis
1444 4185 1572 4260 debitis
1606 4202 1642 4260 et

437 4283 613 4382 compotis
629 4283 732 4357 nobis
749 4283 881 4366 ¹debitis
906 4300 942 4358 et
969 4285 1237 4383 pertinentibus,
1265 4311 1336 4385 que
1362 4285 1484 4387 vigore
1510 4286 1644 4362 littera-

984 4409 1003 4445 *
1021 4427 1093 4493 1441
