3616 5264
466 435 537 524 448
827 426 1002 504 DOVER
1028 425 1302 502 CHARTERS

909 624 1227 710 cxxxut.

850 799 1106 882 ijetrumti,
1129 813 1170 866 ιο
1194 798 1284 865 Elle

466 956 555 1029 Hac
580 954 770 1030 indentura
794 969 945 1030 testeum
969 955 1068 1055 quod
1094 953 1186 1043 nos,
1203 953 1364 1028 Thomas
1382 955 1536 1053 Pepper,
1558 954 1684 1027 Maior

463 1056 548 1131 ville
563 1073 601 1130 et
617 1071 743 1155 portus
755 1059 892 1146 Dovor,
904 1055 942 1130 in
955 1055 1137 1132 Comitatu
1150 1055 1293 1146 Kancie,
1309 1055 1489 1128 Robertus
1501 1055 1683 1153 ffynnytt,

466 1157 681 1233 Rowlmdus
715 1157 838 1246 Micle,
870 1156 1023 1253 Jacobus
1051 1157 1218 1244 Steward,
1247 1172 1284 1230 et
1313 1156 1475 1230 Thomas
1504 1157 1681 1246 Challiee,

465 1258 642 1333 Custodes
659 1259 752 1332 dicte
777 1257 872 1347 ville,
898 1283 968 1332 una
993 1258 1100 1332 anirni
1126 1281 1267 1332 assensu
1295 1273 1332 1329 et
1359 1283 1537 1332 concensu
1565 1258 1683 1332 totius

465 1359 705 1434 Comunitatis
728 1359 887 1460 ejusdem
910 1359 995 1434 ville
1020 1358 1256 1450 tradiderunt,
1282 1375 1541 1448 concesserunt,
1571 1375 1610 1432 et
1637 1359 1682 1431 ad

464 1458 562 1534 feodi
592 1461 730 1534 firmam
758 1460 977 1535 demiserunt
1010 1459 1171 1559 predicto
1199 1457 1395 1534 Rowlando
1425 1459 1541 1532 Micle
1570 1484 1681 1532 unam

463 1585 610 1636 vacuam
627 1561 762 1662 peciam
778 1577 870 1634 terre
886 1585 968 1634 cum
984 1559 1149 1634 omnibus
1168 1561 1405 1658 pertinenciis,
1430 1561 1679 1634 continentem

465 1661 628 1836 titt
655 1685 792 1835 Ἥ
810 1657 1681 1836 ὲΐὲξᾜῗῗὲ“ῖῗᾱέὲᾞέῗῗὲὲ

465 1819 609 1963 Sldngle
676 1863 770 1953 arde,
791 1861 883 1936 inter
900 1787 1300 1936 oonimunem'venelim
1318 1887 1430 1961 usque
1445 1861 1679 1950 southweste,

464 1980 503 2038 et
530 1980 661 2037 terram
696 1963 846 2060 predicti
889 1961 1075 2037 Rowlandi
1111 1961 1222 2036 Micle
1255 1985 1369 2062 usque
1402 1962 1608 2037 northeeste
1644 1978 1681 2034 et

465 2065 676 2152 southeeste,
710 2078 747 2136 et
779 2081 910 2136 terram
943 2063 1086 2136 Thome
1115 2062 1284 2136 Wattson
1314 2087 1424 2178 usque
1450 2063 1677 2138 northwest:

467 2163 636 2239 Habend'
666 2179 702 2236 et
731 2163 875 2236 tenend’
904 2163 1098 2262 predictam
1126 2187 1273 2236 vacuam
1303 2187 1436 2262 pectam
1464 2179 1561 2236 terre
1591 2188 1678 2236 cum

465 2264 631 2338 omnibus
646 2264 718 2338 suis
734 2265 960 2363 pertinenciis
979 2261 1118 2361 prefato
1131 2263 1329 2337 Rowlando
1343 2262 1465 2354 Micle,
1481 2262 1679 2336 heredibus

464 2382 502 2440 et
526 2364 708 2482 assignetis
722 2365 806 2454 suis,
823 2389 843 2438 a
861 2363 969 2438 Festo
994 2363 1110 2438 Sancti
1130 2361 1296 2437 Michelis
1312 2364 1525 2464 Archangeli
1543 2363 1678 2438 ultimo

466 2482 655 2565 preterrrto
679 2480 760 2539 ente
784 2464 907 2540 datum
932 2463 1158 2564 presentium,
1186 2464 1232 2538 de
1255 2489 1348 2538 anno
1374 2465 1410 2537 in
1436 2490 1571 2538 annum
1598 2490 1678 2537 uno

467 2583 547 2666 post
576 2567 685 2638 alium
715 2589 825 2665 usque
854 2565 897 2639 ad
928 2565 1034 2639 finem
1063 2582 1100 2640 et
1125 2565 1319 2638 terminum
1336 2565 1480 2638 lmnnrix
1496 2588 1675 2638 annorum

466 2683 597 2740 extunc
629 2666 873 2764 proximorum
906 2664 1130 2764 sequentium
1171 2680 1207 2739 et
1249 2665 1403 2764 plenarie
1444 2663 1673 2764 complend':

465 2766 616 2841 faciend'
642 2765 724 2840 inde
749 2765 938 2840 servicium
962 2765 1107 2840 domine
1132 2764 1252 2864 regine
1273 2766 1467 2839 secundum
1484 2781 1673 2840 consuetu-

466 2868 588 2942 dinem
619 2882 746 2965 portus
778 2866 905 2939 Dovor
938 2865 1095 2964 predicte
1136 2889 1217 2940 cum
1258 2865 1446 2939 acciderit:
1490 2891 1530 2939 ac
1562 2867 1675 2938 eciam

466 2965 636 3043 reddend’
665 2984 702 3041 et
730 2966 890 3040 solvend'
920 2963 1002 3040 inde
1031 2966 1213 3040 annuatim
1243 2964 1375 3040 Maiori
1398 2981 1434 3039 et
1453 2965 1675 3039 Custodibus

467 3068 561 3142 dicte
590 3065 673 3141 ville
702 3067 764 3166 qui
790 3083 876 3140 tunc
900 3091 967 3182 pro
993 3082 1152 3164 tempore
1168 3064 1302 3139 fuerint
1317 3067 1355 3139 in
1373 3067 1479 3141 Festo
1496 3068 1676 3164 Assump-

467 3169 578 3242 cionis
603 3171 709 3242 Beate
736 3165 852 3240 Marie
869 3165 1028 3266 Virginis
1044 3181 1196 3266 quatuor
1212 3167 1375 3241 denarios
1392 3165 1482 3240 bone
1498 3185 1535 3242 et
1550 3165 1675 3266 legalis

468 3284 609 3344 monete
634 3265 769 3367 Anglie
794 3291 860 3364 pro
884 3267 1026 3340 annuali
1050 3267 1191 3342 reditu:
1220 3267 1269 3341 Et
1286 3267 1314 3340 si
1332 3267 1517 3368 contingat
1533 3267 1672 3366 predic-

466 3387 545 3444 tum
561 3366 744 3442 annualem
757 3366 936 3441 redditum
953 3367 999 3441 de
1016 3367 1085 3442 ivd.
1105 3367 1149 3441 ad
1166 3366 1298 3441 festum
1315 3369 1373 3443 vel
1391 3369 1583 3442 terminum
1595 3392 1674 3467 quo

468 3469 559 3545 solvi
574 3467 700 3543 debeat
716 3493 737 3540 a
753 3483 850 3540 retro
867 3464 945 3540 fore
963 3468 999 3540 in
1017 3485 1114 3567 parte
1131 3469 1187 3540 vel
1206 3469 1242 3540 in
1260 3483 1338 3542 toto
1361 3469 1454 3543 ultra
1477 3469 1673 3542 terminum

491 3569 666 3644 redictum
696 3593 758 3666 per
783 3569 937 3666 spacium
967 3593 1014 3641 xv
1039 3569 1191 3660 dierum,
1209 3567 1366 3668 legitime
1391 3585 1568 3670 rogatum,
1586 3585 1674 3642 tunc

466 3597 605 3744 iicitum
621 3669 690 3742 erit
708 3667 841 3742 Maiori
857 3685 893 3742 ct
910 3667 1128 3743 Custodibus
1145 3668 1228 3744 ville
1253 3669 1408 3769 predicte
1425 3670 1486 3769 qui
1505 3686 1590 3743 tunc
1607 3695 1675 3768 pro

467 3788 627 3869 tempore
663 3766 797 3842 fuerint
834 3773 871 3843 in
908 3770 1103 3868 predictam
1133 3795 1276 3844 vacuam
1306 3771 1440 3869 peciam
1468 3785 1561 3842 terre
1590 3795 1673 3843 cum

467 3870 632 3946 omnibus
658 3869 891 3967 pertinenciis,
912 3871 958 3944 ad
982 3895 1221 3970 quascumque
1246 3895 1371 3944 manus
1392 3872 1560 3958 evenerit,
1577 3870 1674 3944 rein-

467 3989 570 4061 trare,
588 3969 763 4057 rehabere,
779 3985 815 4042 et
839 3969 982 4067 pacifice
1002 3969 1155 4070 gaudere
1181 3987 1222 4044 ut
1246 3970 1283 4044 in
1308 3987 1402 4045 statu
1429 3995 1495 4045 suo
1509 3971 1673 4069 pristino,

467 4097 507 4148 ac
545 4070 744 4171 predictum
774 4067 1010 4143 Rowlandum
1040 4068 1165 4160 Micle,
1189 4087 1225 4143 et
1250 4070 1444 4172 assignatos
1468 4095 1562 4160 suos,
1588 4071 1674 4146 inde
