3748 5266
445 456 519 534 250
812 433 996 512 DOVER
1022 433 1304 510 CHARTERS

937 635 1156 715 LXXX.

821 834 845 881 v
867 811 1006 896 Marcii,
1030 827 1069 880 12
1091 811 1191 880 Edw.
1216 813 1275 882 1v.

444 973 534 1048 Hac
561 974 750 1048 indentura
775 971 867 1047 facta
891 973 1021 1072 quinto
1045 973 1104 1046 die
1130 974 1260 1047 mensis
1281 972 1411 1046 Marcii
1437 998 1531 1047 anno
1555 974 1655 1072 regni

443 1076 551 1176 Regis
593 1075 761 1150 Edwardi
806 1075 923 1174 quarti
973 1074 1197 1190 duodecimo,
1239 1089 1400 1164 testatur,
1442 1074 1540 1176 quod
1592 1100 1657 1148 nos

442 1178 620 1272 Johannes
645 1175 814 1262 Barbour,
849 1175 1007 1262 clericus,
1042 1176 1208 1292 magister
1233 1177 1362 1250 domus
1387 1133 1443 1250 dei
1478 1177 1655 1293 Dovorrc,

442 1295 479 1350 et
512 1277 670 1378 ejusdem
704 1277 771 1350 loci
811 1275 1014 1366 confratres,
1051 1277 1206 1350 unanimi
1241 1300 1381 1350 assensu
1423 1275 1656 1350 concessimus

442 1379 640 1452 dimisimus
664 1393 700 1450 et
734 1378 779 1451 ad
805 1377 956 1451 ffirmam
983 1377 1156 1451 tradimus
1183 1376 1340 1450 Roberto
1373 1377 1494 1466 Salter,
1521 1379 1654 1466 mellar,

443 1481 488 1554 de
511 1479 675 1578 parochia
696 1479 741 1552 de
768 1478 917 1576 Ryvere,
943 1479 1017 1551 duo
1040 1479 1243 1551 molendina
1261 1478 1431 1578 aquatica,
1449 1503 1518 1579 que
1545 1478 1655 1552 modo

442 1582 662 1679 appellantur
693 1579 925 1666 Cornemelle,
958 1580 1052 1652 unde
1078 1604 1188 1651 unum
1216 1580 1261 1653 de
1294 1577 1377 1678 [eis]
1432 1603 1475 1652 ue
1509 1596 1656 1652 vooatur

445 1679 836 1779 [Rakestravys]melle,
867 1697 903 1754 et
937 1677 1032 1753 aliud
1067 1696 1214 1753 vocatur
1247 1604 1478 1768 Aschemdle,
1512 1679 1653 1754 divisim

442 1783 627 1856 existentia
652 1780 874 1855 edificatam
900 1779 1063 1879 parochia
1088 1782 1132 1854 de
1160 1781 1302 1878 Ryverc
1327 1781 1495 1878 predicta,
1546 1806 1587 1854 ro
1612 1798 1653 1855 ut

442 1883 545 1956 metis
569 1899 606 1956 et
636 1881 766 1955 bundis
791 1881 928 1978 plenius
961 1897 1131 1980 apparet:
1169 1880 1317 1954 habend’
1343 1897 1379 1954 et
1404 1806 1546 1955 tenentl‘
1572 1907 1653 1980 pre-

441 1983 535 2056 dicta
550 1983 625 2056 duo
641 1982 843 2056 molendina
855 2008 937 2057 curn
953 1998 1080 2082 stagno
1095 1999 1131 2056 et
1147 1983 1247 2082 aquis
1263 2007 1344 2055 cum
1362 1983 1474 2056 variis
1491 1982 1653 2081 vi[variis

441 2099 477 2157 et
494 2085 611 2182 pratis,
631 2084 684 2181 et]
705 2083 860 2183 predicta
885 2083 958 2156 duo
983 2083 1186 2157 molendina
1210 2084 1359 2156 limitata
1381 2100 1417 2155 et
1439 2084 1484 2157 de
1504 2086 1653 2184 antiquo

442 2200 566 2257 usuata
594 2185 836 2302 ·[?usucapta],
871 2182 1009 2283 prefato
1048 2183 1207 2257 Roberto
1242 2183 1354 2258 Salter
1391 2183 1576 2258 heredibus
1616 2201 1652 2258 et

440 2285 622 2384 assignatis
647 2286 756 2359 suisa
777 2285 884 2357 Festo
900 2285 1014 2358 Sancti
1041 2284 1227 2358 Michaelis
1249 2285 1464 2383 Archangeli
1488 2285 1652 2402 proximo

440 2384 564 2460 futuro
598 2401 677 2484 post
710 2389 834 2461 datum
877 2387 1095 2485 presencium
1129 2410 1242 2484 usque
1282 2386 1327 2459 ad
1370 2385 1476 2458 finem
1510 2386 1650 2460 termini

440 2488 672 2602 quadraginta
705 2511 879 2560 annorum
920 2502 1050 2560 extunc
1083 2487 1327 2584 proximorum
1370 2485 1573 2560 futurorum
1615 2504 1651 2560 et

441 2587 592 2687 plenarie
619 2587 889 2704 completorum,
924 2586 1148 2661 libertatibus
1174 2603 1267 2660 carte
1302 2603 1420 2660 nostre
1453 2587 1547 2688 regie
1581 2613 1650 2662 una

440 2715 520 2762 cum
555 2688 748 2787 piscacione
790 2689 826 2760 in
869 2689 969 2786 aquis
1002 2687 1260 2785 pertinentibus
1303 2688 1468 2786 predictis
1509 2688 1649 2762 duobus

441 2789 653 2863 molendinis
669 2813 806 2906 semper
825 2813 905 2861 cum
923 2790 1024 2863 nobis
1043 2788 1232 2904 [plenarie]
1252 2789 1461 2862 reservatis:
1480 2789 1649 2863 reddend’

438 2891 521 2964 inde
550 2891 730 2963 annuatim
759 2889 860 2962 nobis
889 2887 1034 2989 prefatis
1059 2888 1229 2989 magistro
1265 2888 1317 2988 [et
1347 2887 1583 2963 confratribus
1611 2909 1647 2964 et

440 2991 710 3090 successoribus]
747 2991 876 3064 nostris
918 3016 983 3090 pro
1024 2990 1087 3064 illo
1129 2989 1336 3063 molendino
1368 2991 1465 3089 quod
1500 3008 1647 3065 vocatur

441 3091 780 3189 Rakestravysmelle
814 3117 861 3165 xs.
897 3108 1040 3164 monete
1068 3091 1275 3190 Anglicane,
1309 3091 1353 3165 ad
1379 3107 1532 3190 quatuor
1565 3093 1645 3164 anni

439 3193 607 3266 terminos
633 3193 841 3292 principales
867 3193 969 3292 equis
1003 3191 1229 3290 porcionibus
1257 3191 1293 3264 in
1328 3191 1490 3288 hospitali
1526 3209 1648 3266 nostro

438 3294 596 3368 solvend’
622 3295 772 3368 durante
797 3293 951 3366 termino
975 3293 1191 3390 supradicto,
1218 3293 1361 3408 proviso
1388 3317 1525 3392 semper
1549 3295 1646 3393 quod

437 3393 615 3492 predictus
659 3395 834 3468 Robertus
875 3393 986 3467 Salter
1028 3419 1099 3467 non
1142 3394 1368 3484 intromittet,
1405 3419 1469 3468 nec
1503 3394 1648 3468 heredes

439 3520 552 3594 neque
578 3495 742 3594 assignati
776 3495 829 3567 sui
863 3493 1111 3582 intromittent,
1144 3494 1188 3567 de
1217 3493 1281 3566 illo
1310 3453 1516 3568 mdlendino
1548 3497 1646 3594 quod

439 3612 585 3671 vocatur
626 3593 866 3669 Asschemelle
916 3596 1028 3669 donec
1069 3595 1255 3668 indenture
1303 3595 1475 3688 Johannis
1507 3595 1539 3667 le
1580 3597 1646 3693 By,

464 3697 618 3770 uondam
648 3697 693 3770 de
726 3695 870 3787 Euelle,
904 3696 949 3769 de
982 3697 1045 3769 illo
1078 3696 1284 3770 molendino
1311 3694 1464 3786 finiatur,
1491 3712 1528 3769 et
1563 3697 1642 3796 [ad]

438 3723 562 3870 datum
592 3798 685 3871 dicte
715 3797 902 3871 indenture
938 3796 1154 3888 excludatur,
1189 3795 1415 3871 obscervante
1448 3797 1646 3894 supradicta

437 3898 674 3972 convencione
697 3898 733 3970 in
756 3898 931 3985 omnibus,
950 3923 1014 3972 nos
1064 3899 1187 3972 redicti
1213 3899 1377 3996 magister
1398 3913 1435 3971 et
1454 3896 1647 3973 confratres

437 4001 605 4073 volumus
621 4001 718 4100 quod
739 3999 959 4098 supradictus
981 4000 1037 4073 Ro
1082 4017 1159 4074 rtus
1180 3999 1291 4073 Salter
1311 3999 1459 4074 heredes
1478 4015 1514 4072 et
1537 4002 1646 4100 assig-

438 4101 510 4174 nati
540 4101 593 4174 sui
629 4100 776 4174 habeant
805 4116 841 4174 et
867 4117 1008 4174 teneant
1037 4101 1236 4200 predictum
1270 4100 1513 4173 molendinum
1547 4103 1645 4200 quod

436 4218 585 4275 vocatur
610 4202 847 4275 Asschemelle
864 4227 945 4274 cum
972 4201 1044 4274 suis
1070 4200 1307 4330 pertinenciis,
1335 4217 1376 4274 ut
1403 4202 1645 4299 supradictum

435 4320 499 4392 est,
529 4304 680 4377 durante
713 4304 867 4376 termino
900 4302 1083 4404 predicto:
1127 4301 1296 4379 reddend
1339 4300 1422 4378 iude
1462 4304 1644 4379 annuuim
