3616 5264
437 449 509 540 428
797 447 977 522 DOVER
1002 445 1283 522 CHARTERS

435 647 630 722 secundum
654 647 947 722 consuetudinem
971 647 1056 722 ville
1079 664 1117 723 et
1141 665 1268 747 portus
1289 645 1533 746 predictorum
1561 667 1648 717 cum

435 747 623 824 acciderit.
664 749 715 824 Et
753 773 829 839 nos,
867 772 954 822 vero
991 749 1171 846 predictus
1210 747 1387 822 Robertus
1426 745 1573 843 Hedley
1610 761 1649 816 et

438 849 642 938 Kstherine,
660 849 850 966 uxeruejus,
869 864 907 922 et
923 849 1069 925 heredes
1096 849 1207 924 nostri
1233 848 1432 948 predictum
1453 845 1648 946 gardinum

437 973 520 1026 cum
563 949 788 1048 pertinerere
827 947 967 1050 prefero
1010 949 1164 1045 Jobsnni
1209 950 1334 1036 Lucas,
1380 947 1569 1023 heredibus
1612 960 1650 1016 et

436 1049 620 1151 assignetis
635 1051 719 1143 suis,
736 1051 781 1126 sd
798 1075 904 1126 usum
919 1051 1205 1150 supradictorum
1228 1065 1351 1124 contre
1374 1071 1499 1123 omnes
1522 1061 1650 1146 genm

437 1150 740 1226 warantizabimus
766 1168 803 1227 et
829 1177 892 1251 per
919 1167 1097 1251 presentes
1121 1151 1385 1252 imperpetuum
1401 1148 1649 1224 defendemus

514 1251 556 1325 In
598 1251 700 1352 cujus
741 1253 790 1326 rei
834 1251 1080 1327 testimonium
1123 1277 1200 1343 nos,
1242 1251 1423 1352 predictus
1469 1249 1650 1323 Robertus

439 1351 586 1450 Hedley
602 1369 638 1426 et
656 1351 861 1442 Katherina,
879 1379 970 1428 uxor
987 1353 1073 1456 ejus,
1091 1354 1173 1427 huic
1191 1354 1344 1452 presenti
1364 1351 1498 1451 scripto
1523 1365 1651 1422 nostro

437 1453 553 1552 sigilla
570 1469 692 1528 nostre
707 1454 946 1553 apposuimus.
1793 1493 1794 1496 ¹

515 1556 608 1628 Date
631 1555 725 1654 apud
750 1557 876 1629 Dovor
900 1555 1039 1629 decimo
1063 1569 1165 1628 sexto
1189 1553 1247 1630 die
1271 1551 1410 1652 Aprilis
1436 1575 1530 1626 anno
1546 1549 1649 1649 regni
1793 1545 1794 1634 f

438 1655 583 1729 domine
620 1672 739 1730 nostre
776 1655 971 1746 Elizebete,
1010 1655 1067 1730 dei
1103 1655 1218 1756 gracia
1247 1651 1390 1754 Anglie‚
1421 1652 1581 1743 Franeie,
1613 1667 1650 1722 et

440 1754 616 1829 Hibernie
659 1756 806 1857 Regine,
850 1755 932 1832 fidei
974 1755 1152 1846 defensor,
1194 1772 1276 1845 ete,
1331 1754 1470 1854 quinto.
1536 1754 1652 1825 Anno

446 1857 552 1954 1563.

516 1959 559 2031 In
575 1957 695 2032 dorso:
724 1957 892 2032 presentes
909 1961 946 2032 in
963 1975 1099 2054 tempore
1125 1957 1329 2056 sigillationis
1354 1973 1386 2029 es
1409 1954 1652 2029 deliberationis

434 2061 661 2154 presencium:
685 2060 769 2133 John
784 2059 945 2134 Howkins
957 2061 1012 2156 (i)
1029 2083 1040 2148 ;
1057 2058 1142 2132 John
1162 2057 1300 2148 Dawes,
1312 2055 1437 2131 Torone
1451 2059 1652 2152 Surgam,-

444 2159 594 2231 Willian
613 2157 757 2256 Knyglsr,
770 2166 893 2235 ffowne
912 2159 1044 2236 Clarke.

444 2257 555 2357 [1⁵5]

855 2459 915 2544 xvi
937 2459 1079 2544 Aprum
1100 2470 1123 2542 5
1144 2459 1234 2528 Elin

1022 2644 1072 2692 sss.

443 2766 535 2845 Hsc
567 2783 621 2842 est
658 2768 772 2842 finalis
809 2768 998 2844 concordis
1022 2765 1114 2842 faeta
1141 2767 1179 2842 in
1209 2767 1318 2842 Curia
1345 2768 1491 2843 domine
1530 2781 1654 2840 nostre

442 2869 639 2964 Elizebete,
677 2871 772 2968 apud
811 2871 931 2944 villam
968 2885 1004 2942 et
1042 2884 1188 2968 portum
1218 2871 1346 2943 Devor
1375 2885 1473 2942 tenta
1501 2868 1559 2969 xvj
1592 2867 1654 2940 die

443 2971 573 3044 mensis
601 2970 749 3068 Aprilis,
779 2994 874 3043 anno
902 2971 1002 3069 regni
1031 2969 1176 3045 domine
1210 2987 1329 3044 nostre
1366 2969 1562 3060 Elisabete
1592 2967 1651 3043 dei

442 3071 559 3170 grstia
574 3071 716 3170 Anglie,
738 3069 890 3157 ffrancie,
909 3087 945 3142 et
967 3071 1143 3144 Hibernie
1172 3072 1319 3170 Regine,
1340 3070 1423 3144 fidei
1437 3067 1456 3104 '
1473 3068 1653 3160 defensor,

444 3187 524 3264 ete,
545 3172 685 3271 quinto,
706 3195 824 3244 coram
843 3171 1005 3265 Johanne
1026 3170 1172 3261 Robins,
1194 3171 1336 3272 Majore
1363 3169 1445 3244 ville
1471 3187 1508 3243 et
1525 3185 1652 3269 portus

445 3272 583 3362 Dovor,
609 3272 751 3346 Thoma
775 3271 940 3362 Warren,
966 3271 1145 3346 Richardo
1171 3271 1311 3366 Jebbes,
1333 3271 1477 3344 Thoms
1494 3269 1653 3361 Burnell,

444 3387 482 3446 et
498 3371 703 3446 Alexandro
721 3373 873 3471 Mynge,
890 3371 1036 3466 Juratis,
1053 3389 1091 3445 et
1107 3371 1182 3446 aliis
1199 3372 1344 3446 domine
1369 3387 1490 3446 nostre
1516 3370 1653 3470 Regine

445 3471 606 3549 fidelibus
634 3489 721 3547 tunc
750 3472 882 3547 ibidem
919 3471 1149 3571 presentibus,
1184 3473 1278 3546 inter
1301 3473 1500 3567 Johannem
1525 3473 1652 3557 Lucas,

445 3589 664 3674 querentem,
693 3589 729 3646 et
760 3573 957 3647 Robertum
988 3571 1133 3670 Hedley
1160 3589 1198 3646 et
1227 3573 1469 3664 Kstherinsm,
1503 3597 1651 3644 uxorem

444 3675 531 3778 ejus,
557 3672 802 3764 deforciantes,
827 3673 873 3748 de
897 3690 934 3747 et
959 3697 1065 3770 super
1090 3699 1163 3747 uno
1186 3674 1336 3774 gardino
1355 3697 1438 3746 cum
1454 3672 1527 3746 suis
1544 3671 1654 3771 perti-

447 3773 590 3862 nenciis,
616 3775 766 3849 scinuto
785 3773 923 3875 jacente
948 3789 984 3847 et
1009 3775 1180 3848 existente
1204 3772 1297 3849 infra
1321 3772 1539 3848 Libertatem
1570 3773 1654 3846 ville

446 3890 482 3949 et
499 3891 624 3974 portus
640 3873 801 3974 predicti,
819 3876 855 3948 in
873 3877 1031 3974 Georges
1047 3874 1172 3964 Ward,
1199 3873 1292 3949 inter
1314 3898 1541 3949 communem
1557 3874 1652 3947 viam

447 4001 570 4050 versus
595 3978 800 4064 northwest,
828 3977 861 4050 le
887 3974 968 4050 cliff
986 3999 1111 4048 versus
1137 3975 1328 4067 southeast‚
1353 3993 1483 4050 terrem
1508 3975 1653 4048 domine

447 4092 567 4151 nostre
597 4078 740 4178 Regine,
774 4101 886 4175 nuper
915 4077 1153 4175 pertinentem
1182 4076 1227 4151 ad
1255 4077 1404 4151 domum
1428 4076 1500 4168 dei,
1526 4075 1652 4148 Devor

446 4177 616 4278 predicte,
647 4193 812 4252 vocatum
838 4177 870 4250 le
904 4177 1049 4252 Maison
1079 4177 1184 4266 Dieu,
1217 4177 1326 4252 modo
1353 4176 1391 4251 in
1420 4175 1653 4275 occupsciene

446 4279 591 4354 Thome
624 4278 824 4368 Cockerell,
859 4303 979 4352 versus
1011 4279 1205 4355 southwest
1241 4296 1277 4352 et
1319 4278 1524 4354 northeast:
1556 4274 1655 4350 unde
