3728 5258
797 451 978 526 DOVER
1004 450 1283 526 CHARTERS

984 651 1050 730 LI
1066 651 1097 730 l.

828 811 861 895 vj
886 811 1024 893 Marcii,
1045 823 1067 894 7
1089 811 1181 879 Hen.
1201 811 1261 880 1v.

439 962 587 1034 Semu‘r
613 973 789 1056 presentes
807 974 844 1031 et
869 956 983 1030 futuri
1001 957 1099 1056 quod
1115 981 1196 1056 ego,
1220 956 1381 1032 Thomas
1403 973 1459 1032 ate
1482 956 1647 1034 Crouche

438 1062 483 1136 de
500 1061 665 1135 Dovorra
680 1060 763 1134 dedi
781 1058 932 1133 concessi
950 1075 986 1132 et
1004 1060 1068 1132 hac
1094 1061 1245 1156 presenti
1263 1076 1360 1134 carta
1376 1084 1453 1133 mea
1470 1059 1648 1133 indentata

438 1162 483 1236 ad
510 1162 604 1236 feodi
634 1161 773 1234 firmam
798 1160 1004 1234 confirmavi
1033 1159 1201 1233 Michaeli
1229 1161 1298 1235 Cul
1332 1162 1377 1235 de
1408 1160 1583 1249 Dovorra,
1611 1174 1647 1233 et

438 1263 583 1363 Gisyne,
610 1263 713 1336 uxori
747 1261 835 1362 ejus,
870 1287 985 1334 unum
1023 1277 1266 1335 tenementum
1307 1287 1391 1335 cum
1425 1262 1648 1360 pertinenciis

439 1366 610 1438 situatum
636 1361 727 1436 infra
744 1362 942 1436 libertatem
969 1363 1102 1435 Portus
1128 1363 1293 1438 Dovorre
1319 1363 1354 1435 in
1380 1363 1412 1435 ⁵.
1440 1419 1449 1436 .
1478 1420 1487 1436 .
1514 1363 1648 1437 Warde

440 1467 531 1539 inter
564 1465 697 1565 regiam
739 1481 883 1538 stratam
926 1488 1047 1538 versus
1091 1465 1293 1552 northwest,
1325 1479 1361 1536 et
1404 1479 1648 1538 tenementum

438 1567 610 1662 Johannis
635 1564 810 1652 Andrean,
836 1565 1053 1662 schipwrert,
1073 1581 1109 1637 et
1136 1581 1265 1638 terram
1291 1565 1434 1638 Thome
1458 1565 1648 1652 Cocchare,

432 1669 599 1768 junioris,
634 1690 755 1740 versus
789 1667 959 1754 northest‚
996 1682 1032 1739 et
1066 1666 1257 1764 quamdam
1301 1665 1494 1765 Vernplace
1527 1691 1649 1741 versus

438 1770 629 1856 southeast,
646 1784 682 1841 et
700 1783 944 1840 tenementum
961 1767 1133 1860 Johannis
1159 1767 1271 1866 ffyshe
1288 1792 1411 1840 versus
1427 1770 1620 1843 southwest
1637 1792 1647 1854 ;

439 1869 588 1943 habend'
614 1884 650 1941 et
665 1867 809 1942 tenend’
827 1867 964 1941 dictum
990 1883 1233 1942 tenementum
1259 1894 1342 1941 cum
1368 1868 1513 1942 edificiis
1539 1869 1650 1942 muris

438 1987 474 2044 et
491 1968 655 2044 omnibus
670 1967 746 2040 aliis
763 1968 986 2067 pertinenciis
1003 1969 1074 2042 suis
1091 1967 1235 2066 prefatis
1253 1969 1423 2042 Michaeli
1449 1986 1485 2043 et
1501 1970 1645 2067 Gisyne‚

439 2071 542 2146 uxori
574 2070 662 2170 ejus,
697 2068 884 2143 heredibus
915 2085 952 2142 et
984 2093 1110 2144 eorum
1143 2070 1323 2170 assignatis
1357 2071 1650 2169 imperpetuum3

439 2171 572 2272 absque
606 2186 706 2244 vasto
735 2195 796 2244 seu
824 2186 1082 2268 estrepamento
1111 2168 1272 2262 faciend’,
1301 2187 1337 2243 et
1372 2169 1531 2245 ffaciend‘
1566 2172 1648 2246 inde

439 2273 628 2347 servicium
655 2271 791 2345 domini
814 2269 921 2371 Regis
946 2296 1028 2344 cum
1053 2271 1219 2344 acciderit
1242 2272 1438 2346 secundum
1461 2289 1650 2348 consuetu-

440 2376 560 2450 dinem
594 2387 719 2470 portus
756 2371 931 2470 predicti;
982 2371 1152 2446 reddend’
1195 2373 1277 2446 inde
1318 2373 1499 2447 annuatim
1542 2375 1649 2448 iidem

442 2473 629 2547 Michaelis
656 2489 691 2546 et
716 2473 861 2573 Gisyna,
886 2495 974 2544 uxor
997 2472 1083 2572 ejus,
1108 2474 1251 2547 heredes
1268 2491 1303 2547 et
1332 2499 1457 2549 eorum
1485 2475 1648 2576 assignati

441 2576 547 2650 michi
574 2572 712 2672 prefato
729 2573 871 2646 Thome
896 2590 953 2645 ate
978 2572 1141 2647 Crouche
1161 2591 1197 2648 et
1226 2575 1400 2669 Johanne‚
1429 2575 1530 2651 uxori
1560 2602 1649 2665 mee,

442 2676 630 2749 heredibus
645 2690 682 2747 et
698 2674 880 2774 assignatis
898 2674 966 2746 mei
984 2674 1072 2748 dicti
1089 2677 1232 2749 Thome
1250 2693 1321 2750 tres
1346 2677 1479 2752 solidos
1497 2677 1597 2751 liberi
1614 2695 1650 2751 et

440 2777 600 2851 annualis
617 2775 779 2850 redditus
794 2775 839 2848 ad
862 2793 1015 2873 quatuor
1032 2776 1114 2848 anni
1131 2777 1303 2850 terminos
1327 2777 1535 2877 principales
1551 2778 1652 2879 equis

441 2876 668 2978 porcionibus
696 2875 883 2964 solvend'3
918 2877 1007 2950 etsi
1034 2878 1216 2976 contingat
1242 2879 1439 2975 predictum
1466 2881 1650 2954 annualem

441 2979 624 3053 redditum
647 2977 826 3052 dictorum
844 2978 954 3051 trium
971 2978 1169 3052 solidorum
1194 2995 1310 3052 aretro
1326 2978 1403 3053 fore
1427 2981 1577 3080 imparte
1595 2982 1651 3053 vel

441 3082 478 3154 in
504 3097 584 3154 toto
602 3081 723 3179 aliquo
743 3104 838 3153 anno
862 3095 943 3177 post
967 3079 1122 3178 aliquem
1140 3080 1222 3154 inde
1247 3082 1440 3154 terminum
1461 3081 1650 3156 solucionis

442 3181 741 3281 prenominatum,
769 3196 900 3253 extunc
925 3178 1012 3252 bene
1038 3182 1138 3254 liceat
1164 3180 1266 3254 nobis
1291 3182 1397 3256 dictis
1423 3181 1566 3256 Thome
1596 3199 1651 3256 ate

441 3283 603 3358 Crouche
620 3298 657 3355 et
673 3283 846 3376 Johanne,
864 3280 966 3352 uxori
985 3306 1072 3372 mee,
1101 3281 1288 3356 heredibus
1312 3299 1347 3356 et
1373 3285 1557 3383 assignatis
1582 3285 1651 3356 mei

441 3384 589 3484 predicti
624 3383 767 3456 Thome
793 3382 829 3453 in
855 3380 1016 3479 predicto
1045 3397 1248 3456 tenemento
1275 3409 1357 3457 cum
1386 3385 1552 3460 omnibus
1581 3385 1652 3458 suis

441 3482 667 3586 pertinenciis
691 3483 911 3582 distringere,
928 3497 965 3554 et
982 3482 1223 3556 districcioncs
1248 3501 1426 3582 asportare
1443 3503 1478 3560 et
1502 3487 1653 3560 retinere

441 3588 554 3661 donec
591 3585 637 3658 de
671 3583 832 3682 predicto
866 3582 1010 3656 redditu
1046 3584 1094 3655 sic
1136 3601 1252 3657 areo-o
1284 3586 1457 3662 existente
1499 3589 1652 3686 plenarie

440 3683 683 3772 satisfactum3
725 3701 761 3758 et
795 3685 824 3756 si
859 3684 1042 3783 contingat
1084 3684 1220 3758 dictum
1254 3687 1438 3760 annualem
1472 3689 1652 3764 redditum

442 3804 559 3863 aretro
579 3785 656 3860 fore
676 3785 712 3857 in
739 3801 836 3883 parte
862 3783 918 3858 vel
943 3785 978 3856 in
1005 3801 1084 3858 toto
1103 3810 1298 3883 perunum
1321 3812 1453 3860 annum
1481 3806 1516 3861 et
1539 3791 1654 3889 quad-

442 3889 580 3990 raginta
609 3886 694 3973 dies,
732 3887 788 3959 vel
821 3887 850 3958 si
886 3901 1025 3959 vastum
1053 3911 1113 3958 seu
1146 3902 1443 3985 estrepamentum
1478 3890 1522 3962 de
1556 3887 1654 3964 dicto

442 4004 646 4065 tenemento
679 3984 813 4060 factum
848 3984 964 4074 fuerit,
997 4001 1058 4059 aut
1091 3987 1119 4060 si
1154 3987 1249 4060 idem
1278 4005 1520 4062 tenementum
1555 4015 1653 4064 com-

443 4107 603 4192 petenter
630 4113 702 4161 non
728 4086 835 4159 fuerit
864 4102 1112 4176 sustentatum,
1142 4105 1271 4161 extunc
1302 4089 1388 4161 benc
1422 4091 1522 4165 liceat
1554 4092 1654 4166 nobis

442 4193 547 4268 dictis
560 4190 702 4262 Thome
712 4205 767 4262 ate
785 4188 946 4261 Crouche
958 4205 993 4260 et
1009 4187 1180 4281 johanne,
1196 4191 1297 4264 uxori
1312 4216 1399 4280 mee,
1413 4193 1600 4268 heredibus
1617 4213 1653 4269 et

872 4324 969 4386 *Lelt
985 4326 1070 4387 blank
1085 4326 1115 4386 iu
1133 4327 1201 4388 Ms.
