3702 5254
445 487 466 561 3
473 467 516 562 58
805 467 986 540 DOVER
1011 465 1289 542 CHARTERS

443 663 658 740 deliberand'
685 663 825 764 prefato
850 665 1004 760 Johanni
1032 666 1202 764 Deringe‚
1230 665 1303 740 sive
1326 665 1402 767 ejus
1419 668 1455 739 in
1472 667 1535 740 hac
1552 681 1652 763 parte

442 783 634 856 attornato,
662 767 803 866 plenam
831 783 867 840 et
894 767 1073 864 pacificam
1104 767 1358 868 possessionem
1374 767 1536 840 seisinam
1553 769 1598 840 de
1613 787 1650 841 et

443 867 481 940 in
510 867 676 940 omnibus
705 882 741 940 et
770 867 920 966 singulis
958 867 1124 965 predictis
1161 867 1264 942 terris
1297 882 1334 940 et
1369 869 1577 943 tenementis
1610 894 1651 942 ac

444 969 568 1042 ceteris
581 967 759 1066 premissis
771 993 852 1042 cum
870 968 1096 1068 pertinenciis
1106 968 1212 1070 juxta
1227 984 1263 1043 et
1280 969 1474 1043 secundnm
1491 985 1650 1043 tenorem

443 1069 518 1143 vim
545 1085 581 1142 et
607 1067 774 1142 effectum
802 1069 907 1170 hujus
934 1069 1104 1167 presentis
1127 1069 1333 1144 donacionis
1349 1069 1424 1143 sive
1439 1070 1559 1144 charte
1574 1094 1652 1144 mee

442 1171 475 1244 ei
492 1169 575 1243 inde
592 1169 774 1245 confecte:
803 1171 935 1244 Ratum
951 1187 988 1246 et
1005 1187 1146 1270 gratum
1171 1169 1359 1243 habentem
1385 1187 1421 1244 et
1447 1171 1651 1246 habitururn

442 1286 562 1346 totum
592 1287 628 1346 et
655 1270 828 1371 quicquid
857 1271 945 1346 dicti
975 1271 1143 1346 attornati
1173 1271 1242 1344 mei
1272 1269 1433 1360 fecerint,
1463 1296 1525 1345 seu
1563 1271 1651 1346 alter

442 1397 567 1447 eorum
583 1370 718 1463 fecerit,
736 1372 773 1445 in
790 1371 967 1470 premissis
991 1371 1075 1446 inde
1099 1371 1203 1471 plene
1226 1387 1262 1446 et
1288 1371 1425 1470 integre
1449 1388 1557 1471 prout
1581 1397 1650 1472 ego

443 1470 601 1572 prefatus
617 1472 777 1547 Thomas
796 1473 924 1570 Moyle
940 1470 1071 1547 ibidem
1087 1471 1279 1571 personalis
1299 1473 1513 1546 interessem.

523 1573 566 1648 ln
604 1573 704 1674 cujus
741 1572 792 1646 rei
830 1572 1074 1648 testimonium
1113 1573 1198 1648 huic
1225 1573 1380 1672 presenti
1408 1571 1542 1674 scripto
1570 1599 1651 1648 meo

442 1674 600 1774 sigillum
625 1698 745 1748 meum
769 1700 789 1747 a
814 1674 925 1790 posui.

519 1775 656 1848 Datum
689 1799 758 1873 pen
799 1791 889 1848 nmo
929 1773 988 1848 die
1031 1773 1161 1848 mensis
1202 1773 1373 1849 Octobris
1413 1800 1507 1849 anno
1549 1774 1648 1876 regni

442 1875 581 1950 domini
609 1875 720 1950 nostri
747 1875 916 1949 Edwardi
942 1875 1037 1950 Sexti
1063 1875 1120 1951 dei
1148 1875 1264 1976 gracia
1366 1874 1423 1968 lie,
1442 1873 1597 1964 ffrancie,
1614 1891 1650 1950 et

443 1976 621 2050 Hibernie
648 1975 766 2076 Regis,
792 1975 872 2050 fidei
889 1974 1106 2070 Defensoris,
1131 1993 1169 2052 et
1188 1976 1225 2050 in
1242 1992 1336 2051 terra
1385 1975 1505 2051 eclesie
1521 1977 1652 2076 Angli-

443 2103 528 2152 csne
552 2092 590 2151 et
617 2075 812 2150 Hibernice
839 2077 999 2176 Supremi
1028 2077 1175 2176 Capitis,
1204 2077 1371 2151 secundo.

519 2179 562 2252 In
591 2177 711 2250 dorso:
746 2178 932 2276 Sigillorum
962 2195 995 2252 et
1020 2179 1233 2254 deliberatum
1260 2199 1395 2273 presem
1427 2181 1580 2274 scn'ptum
1614 2181 1649 2252 in

436 2281 603 2374 presentia
656 2278 824 2352 Edmundi
870 2277 985 2368 Time,
1033 2279 1161 2354 Robert
1207 2279 1360 2367 Colvelle,
1410 2297 1444 2352 et
1490 2279 1652 2354 Rollardi

446 2379 584 2454 Lewick
619 2377 681 2477 [?]‚
717 2402 788 2451 cum
821 2380 906 2452 aliis.
