3728 5258
439 456 451 502 1
461 451 505 528 μ
795 428 976 502 oovan
1003 425 1282 501 ennarrans

997 629 1033 708 L
1047 629 1079 708 1.

808 801 845 884 xj
866 803 1035 886 Augusti,
1056 799 1078 868 ⁶
1100 800 1191 870 nen.
1217 801 1277 868 ιν.

435 963 525 1036 Hac
560 960 749 1034 indentura
791 959 881 1034 facta
922 961 1014 1034 inter
1056 960 1244 1035 dominum
1278 958 1461 1033 Thomam
1505 957 1642 1054 Herry,

434 1064 622 1136 Rectorem
651 1061 792 1135 ecclesie
820 1063 936 1136 Sancti
967 1061 1145 1153 Nicholai,
1172 1061 1350 1148 Dovorre,
1380 1076 1416 1133 et
1444 1058 1642 1155 Johannem

436 1165 596 1264 Roydyn,
624 1160 788 1237 feoffatos
815 1161 985 1258 Johannis
1014 1163 1156 1261 Gayler,
1184 1163 1220 1235 in
1250 1163 1352 1234 terris
1375 1177 1411 1234 et
1437 1159 1645 1234 tenementis

432 1291 502 1364 que
531 1289 595 1339 sua
622 1264 768 1338 fuerunt
797 1263 889 1338 infra
914 1264 1112 1338 libertatem
1138 1265 1270 1336 Portus
1296 1262 1463 1337 Dovorre
1488 1262 1546 1335 die
1571 1284 1644 1359 quo

433 1367 533 1456 obiit,
567 1381 604 1439 et
637 1366 817 1440 Thomam
844 1381 900 1439 ate
930 1366 1108 1453 Crouche,
1137 1380 1296 1452 testatur,
1327 1363 1425 1462 quod
1460 1363 1520 1436 ubi
1548 1360 1642 1434 idem

433 1468 594 1541 Thomas
627 1483 684 1541 ate
717 1465 880 1540 Crouche
913 1467 1105 1566 adquisivit
1138 1465 1183 1538 de
1213 1465 1317 1540 dictis
1350 1463 1504 1538 feoffatis
1531 1488 1643 1536 unum

434 1570 623 1670 gardinum
654 1584 746 1641 terre
772 1592 855 1640 cum
888 1567 1028 1641 duabus
1061 1567 1227 1642 domibus
1254 1567 1405 1663 desuper
1438 1562 1642 1652 astantibus,

432 1671 532 1770 quod
554 1670 649 1743 idem
675 1669 835 1742 Thomas
859 1685 915 1741 ate
940 1669 1103 1742 Crouche
1133 1667 1306 1766 permittit
1335 1666 1486 1740 Adiciam
1513 1665 1645 1762 Gayler

434 1771 575 1870 pacifice
609 1770 737 1844 habere
778 1784 815 1842 et
848 1769 1008 1866 optinere
1042 1794 1108 1868 pro
1142 1770 1294 1843 termino
1337 1769 1409 1841 vite
1442 1792 1504 1840 sue
1537 1791 1643 1840 unam

434 1873 582 1946 domum
607 1873 652 1945 de
677 1869 813 1944 duabus
836 1870 1015 1959 domibus,
1043 1869 1246 1944 inferiorem
1273 1893 1394 1943 versus
1419 1869 1644 1955 northweste,

434 1997 519 2048 cum
553 1971 610 2045 via
648 1969 845 2044 rationabili
879 1972 923 2045 ad
959 1971 1105 2045 eandem
1140 1973 1238 2044 omni
1268 1987 1428 2069 tempore
1470 1993 1643 2068 congruo,

432 2074 545 2147 silicet
569 2072 743 2172 permittit
760 2097 836 2145 eam
862 2073 1003 2169 pacifice
1026 2071 1152 2145 habere
1177 2087 1212 2144 et
1235 2072 1395 2170 optinere
1420 2070 1643 2144 medietatem

434 2175 520 2250 dicti
537 2173 675 2272 gardini
693 2199 755 2271 per
782 2173 814 2246 le
832 2171 989 2271 Populer
1006 2198 1069 2272 per
1087 2189 1216 2246 metam
1234 2172 1364 2246 ibidem
1387 2173 1560 2272 signatam
1578 2197 1644 2270 pro

435 2277 589 2348 termino
617 2299 679 2347 sue
705 2274 777 2349 vite
807 2299 888 2347 cum
911 2275 969 2348 via
998 2275 1107 2347 eciam
1135 2272 1334 2347 rationabili
1360 2275 1405 2348 ad
1428 2273 1574 2347 eandem
1605 2297 1644 2345 ac

435 2377 480 2450 ad
509 2376 755 2449 eisiamentum
783 2399 872 2474 aque
901 2374 1035 2449 ibidem
1065 2373 1240 2449 habend’:
1282 2400 1346 2448 nec
1380 2391 1497 2448 tamen
1526 2372 1644 2446 licebit

435 2479 527 2551 dicte
553 2476 669 2549 Alicie
694 2476 739 2550 de
761 2477 856 2551 dicta
875 2476 985 2550 domo
1007 2475 1151 2575 aliquod
1169 2491 1309 2550 vastum
1329 2500 1390 2549 seu
1408 2492 1645 2573 estrepamen-

436 2595 515 2652 tum
551 2576 675 2666 facere,
705 2592 759 2650 set
787 2601 865 2650 eam
896 2578 931 2649 in
959 2593 1053 2650 statu
1081 2576 1296 2675 competenti
1330 2575 1551 2664 sustentabit,
1582 2601 1644 2648 nec

436 2679 570 2778 aliquas
603 2677 744 2751 arbores
776 2702 882 2776 super
918 2679 1111 2776 predictam
1145 2679 1370 2752 medietatem
1403 2678 1542 2778 gardini
1576 2701 1644 2776 que

436 2779 501 2852 sibi
527 2781 577 2853 sic
601 2777 797 2852 dimittitur
823 2795 1015 2852 crescentes
1037 2778 1165 2878 quovis
1194 2779 1303 2852 modo
1329 2778 1529 2876 prostrabit,
1554 2793 1590 2850 et
1615 2778 1643 2849 si

437 2882 531 2955 dicta
548 2879 665 2953 Alicia
682 2896 821 2953 vastum
842 2895 902 2954 aut
926 2895 1224 2979 estrepamentum
1244 2880 1338 2954 dicte
1363 2880 1493 2954 domus
1510 2877 1644 2967 fecerit,

438 2981 494 3056 vel
510 2981 539 3054 si
557 2980 654 3054 illam
671 2980 883 3056 sufficienter
900 3006 972 3054 non
989 2982 1263 3070 manutenuerit,
1280 2996 1409 3054 extunc
1430 2980 1532 3054 liceat
1548 2979 1646 3053 dicto

437 3083 581 3157 Thome
606 3098 662 3155 ate
692 3081 856 3156 Crouche
881 3082 1068 3156 heredibus
1092 3098 1130 3156 et
1154 3082 1334 3183 assignatis
1363 3083 1474 3182 ipsius
1502 3081 1645 3155 Thome

437 3185 473 3256 in
499 3183 692 3282 predictam
718 3184 886 3271 domum,
911 3184 959 3255 sic
985 3183 1101 3257 eidem
1127 3183 1241 3257 Alicie
1266 3183 1458 3275 dimissam,
1477 3182 1644 3256 reintrare

437 3301 472 3357 et
495 3309 571 3358 eam
600 3309 706 3382 penes
733 3309 769 3356 se
795 3285 830 3356 in
858 3282 965 3358 feodo
988 3284 1137 3382 simplici
1165 3285 1428 3383 imperpetuum
1455 3283 1644 3382 possidere,

439 3386 494 3459 vel
529 3386 558 3456 si
592 3383 687 3458 dicta
711 3383 826 3457 Alicia
858 3386 992 3482 aliquas
1021 3383 1163 3458 arbores
1196 3410 1341 3485 magnas
1373 3410 1480 3486 super
1513 3384 1645 3458 dictam

438 3485 663 3558 medietatem
689 3483 827 3584 gardini
854 3500 1045 3557 crescentes
1073 3487 1117 3559 ad
1147 3486 1458 3562 deterioracionem
1485 3486 1645 3558 e'usdem

438 3584 541 3658 fundi
568 3585 809 3681 prostraverit,
834 3602 964 3658 extunc
987 3585 1088 3661 liceat
1113 3587 1229 3660 eidem
1254 3587 1397 3660 Thome
1421 3604 1456 3661 at
1484 3511 1645 3660 drouche

437 3685 625 3759 heredibus
649 3701 685 3758 et
711 3685 894 3786 assignatis
918 3684 1076 3785 ejusdem
1101 3686 1244 3762 Thome
1271 3689 1306 3760 in
1337 3689 1484 3762 eandem
1513 3687 1646 3762 medie·

437 3803 546 3861 tatem
578 3786 717 3885 gardini
751 3787 860 3860 eciam
889 3789 1059 3860 reintrare
1092 3805 1128 3862 et
1158 3813 1234 3862 cam
1269 3815 1375 3889 penes
1405 3815 1441 3862 se
1475 3790 1512 3861 in
1538 3787 1646 3862 feodo

439 3887 588 3987 simplici
614 3885 754 3984 pacifice
778 3909 815 3961 et
844 3888 1106 3987 imperpetuum
1136 3889 1314 3987 possidere
1342 3889 1472 3989 absque
1494 3889 1646 3986 impedi-

438 4006 559 4064 mento
577 3986 710 4086 prefate
726 3987 852 4076 Alicie,
870 4013 932 4062 seu
948 3989 1095 4063 alicu'us
1112 3989 1254 4063 alterius
1270 3991 1345 4091 ejus
1363 3989 1516 4062 nomine.

515 4091 558 4163 ln
581 4089 680 4189 cujus
697 4088 747 4162 rei
772 4089 1015 4162 testimonium
1032 4015 1100 4164 liis
1122 4090 1319 4164 indenturis
1336 4090 1428 4162 dicte
1451 4105 1566 4186 partes
1583 4113 1645 4160 sua

439 4191 553 4290 sigilla
569 4191 767 4264 alternatim
784 4205 1034 4289 apposuerunt

514 4291 609 4364 Data
634 4290 801 4364 Dovorra
826 4291 1014 4364 undecimo
1036 4292 1094 4366 die
1117 4292 1273 4391 Augusti
1300 4315 1394 4364 anno
1418 4291 1517 4392 regni
1537 4289 1646 4390 Regis

440 4394 603 4480 Henrici,
620 4393 735 4490 quarti
753 4410 835 4492 post
852 4408 1087 4491 conquestum
1104 4391 1236 4496 Anglie
1253 4408 1363 4468 sexto.

442 4493 589 4593 [188·5]
