3748 5266
452 459 522 528 218
812 453 993 529 DOVER
1019 452 1299 528 CHARTERS

449 679 532 727 rum
569 669 770 729 nostrarum
807 655 1018 753 patencium,
1061 678 1124 726 seu
1165 653 1326 728 brevium
1367 670 1573 729 nostrorum
1613 655 1658 730 de

450 781 580 855 magno
597 755 652 829 vel
670 757 809 854 privato
825 755 954 870 sigillo,
975 770 1036 828 aut
1062 780 1124 854 per
1146 755 1384 830 estallamenta
1408 758 1482 830 sive
1507 759 1656 854 assigna-

449 858 567 930 ciones
585 873 803 954 respectuata
815 872 982 945 existunt,
995 857 1144 929 omnino
1155 859 1320 956 exceptis,
1338 859 1386 930 ita
1402 859 1499 957 quod
1517 882 1656 956 presens

449 958 663 1056 pardonacio
684 974 803 1030 nostra
820 956 952 1056 quoad
971 959 1150 1056 premissa,
1174 983 1234 1030 seu
1255 959 1370 1057 aliqua
1392 960 1654 1057 premissorum,

450 1083 521 1130 non
562 1059 661 1132 cedat
702 1060 737 1130 in
779 1058 976 1156 dampnum
1017 1058 1249 1158 prejudicium
1291 1059 1347 1132 vel
1387 1060 1654 1160 derogacionem

449 1160 594 1260 alicujus
623 1159 766 1232 alterius
794 1183 940 1258 persone
971 1184 1078 1257 quam
1112 1183 1261 1257 persone
1288 1175 1434 1248 nostre;
1473 1161 1655 1234 dumtaxat

449 1261 594 1359 proviso
632 1284 768 1358 semper
804 1261 902 1358 quod
938 1261 1035 1332 nulla
1068 1261 1270 1362 hujusmodi
1299 1261 1510 1358 pardonacio
1537 1278 1655 1334 nostra

448 1363 568 1460 aliquo
604 1361 713 1434 modo
748 1359 871 1450 valeat,
908 1360 1088 1450 allocetur,
1119 1387 1181 1434 nec
1209 1362 1280 1451 fiat,
1308 1387 1371 1434 nec
1398 1362 1592 1461 aliqualiter
1618 1388 1654 1434 se

449 1463 613 1537 extendat
637 1462 681 1535 ad
698 1461 903 1534 Alienoram
932 1459 1107 1550 Cobham,
1135 1463 1242 1535 filiam
1271 1462 1454 1561 Reginaldi
1482 1461 1653 1551 Cobham,

448 1564 571 1636 militis
589 1588 599 1650 ;
624 1563 821 1658 Johannem
840 1562 985 1651 Bolton‚
1002 1563 1046 1636 de
1065 1563 1207 1650 Bolton‚
1234 1565 1270 1635 in
1297 1563 1478 1636 Comitatu
1505 1565 1656 1636 lancas-

447 1666 568 1756 trensi,
600 1662 826 1760 bladsmyth3
866 1663 1089 1736 Willelmum
1118 1664 1301 1764 WyghalL
1332 1689 1444 1763 nuper
1472 1666 1654 1739 custodem

447 1765 547 1864 gaole
574 1782 692 1838 nostre
718 1765 762 1838 de
788 1765 1034 1864 Notyngham‚
1061 1789 1124 1836 nec
1145 1764 1189 1838 ad
1212 1789 1336 1837 eorum
1360 1765 1524 1864 aliquem,
1543 1791 1655 1865 neque

447 1866 490 1940 ad
530 1865 695 1938 feloniam
724 1866 769 1939 de
803 1881 919 1937 morte
951 1863 1137 1938 Cristoferi
1171 1865 1313 1954 Talbot,
1345 1865 1478 1954 militis,
1506 1865 1654 1940 felonice

448 1965 636 2054 interfecti,
664 1991 776 2062 nuper
796 1981 1029 2062 perpetratam
1045 1991 1056 2053 ;
1085 1991 1148 2038 nec
1166 1968 1264 2066 quod
1288 1991 1429 2066 presens
1445 1969 1655 2065 pardonacio

449 2084 577 2154 nostra,
596 2091 660 2139 nec
676 2067 792 2165 aliqua
809 2065 1013 2166 hujusmodi
1031 2067 1241 2164 pardonacio
1259 2085 1388 2156 nostra,
1406 2067 1602 2166 aliqualiter
1618 2093 1654 2140 se

446 2168 612 2241 extendat
639 2192 713 2266 quo
739 2167 783 2240 ad
809 2167 941 2265 aliquas
968 2167 1062 2240 lanas
1090 2193 1151 2240 seu
1181 2169 1289 2267 pelles
1308 2168 1455 2260 lanitias‚
1486 2171 1542 2242 vel
1574 2169 1654 2242 alias

448 2269 679 2341 mercandisas
717 2267 761 2341 de
798 2267 943 2364 stapula,
982 2268 1024 2341 ad
1064 2268 1196 2367 aliquas
1234 2287 1350 2366 partes
1386 2286 1520 2343 exteras
1556 2287 1654 2343 extra

447 2393 596 2469 regnum
625 2383 786 2441 nostrum
814 2369 957 2467 Anglie,
985 2385 1107 2441 contra
1134 2368 1285 2442 formam
1316 2371 1438 2443 statuti
1467 2371 1503 2442 in
1530 2371 1654 2469 parlia-

447 2486 569 2543 mento
606 2485 730 2542 nostro
762 2470 855 2567 apud
886 2470 1252 2559 Westmonasterium,
1284 2471 1319 2543 in
1350 2471 1503 2544 crastino
1537 2473 1652 2545 Sancti

449 2571 598 2644 Martini
626 2594 719 2642 anno
745 2571 844 2668 regni
873 2571 984 2642 nostri
1003 2570 1141 2643 decimo
1167 2588 1303 2660 octavo,
1331 2587 1443 2663 tento,
1471 2574 1568 2662 editi,
1591 2598 1651 2645 seu

446 2673 644 2770 aliquorum
670 2671 819 2743 aliorum
846 2687 1074 2759 statutorum,
1100 2673 1241 2745 cariatas
1267 2689 1303 2745 et
1324 2673 1509 2765 traductas,
1529 2699 1592 2746 nec
1609 2674 1652 2748 ad

445 2774 577 2871 aliquas
616 2769 855 2844 forisfacturas
895 2770 997 2843 nobis
1037 2773 1073 2844 in
1115 2774 1176 2844 hac
1208 2790 1304 2871 parte
1333 2775 1550 2870 pertinentes
1578 2775 1652 2848 sive

446 2889 658 2972 spectantes,
688 2898 751 2944 nec
789 2873 832 2946 ad
862 2873 1131 2946 exoneraciones
1170 2875 1242 2948 sive
1281 2874 1556 2973 acquietaciones
1590 2875 1653 2947 ali-

472 3000 597 3048 uarum
623 2998 853 3071 personarum
880 2973 924 3046 de
941 2972 1186 3072 punicionibus
1204 3001 1309 3072 super
1326 2977 1416 3072 ipsas
1432 2976 1537 3049 fiend’
1549 2975 1652 3076 juxta

445 3001 596 3150 dormam
615 3091 843 3166 statutorum,
861 3099 927 3170 pro
942 3074 1116 3173 aliquibus
1133 3075 1220 3147 lanis
1243 3077 1316 3150 sive
1343 3075 1496 3174 pellibus
1523 3077 1652 3149 lanitiis

444 3177 502 3251 vel
520 3177 594 3250 aliis
612 3176 835 3248 mercandisis
851 3174 896 3247 de
916 3174 1051 3272 stapula
1075 3175 1119 3248 ad
1144 3175 1278 3274 aliquas
1303 3177 1509 3277 hujusmodi
1537 3195 1652 3274 partes

444 3293 579 3351 exteras
613 3293 736 3349 contra
768 3274 919 3348 formam
947 3274 1140 3348 eorundem
1169 3293 1382 3351 statutorum
1413 3277 1548 3351 cariatis
1577 3279 1650 3351 sive

445 3378 630 3466 traductis,
658 3401 720 3450 nec
746 3375 845 3474 quod
874 3401 1014 3472 presens
1041 3377 1252 3474 pardonacio
1280 3395 1410 3468 nostra,
1438 3403 1500 3452 nec
1535 3378 1651 3477 aliqua

444 3477 649 3579 hujusmodi
680 3477 890 3575 perdonatio
921 3492 1049 3568 nostra,
1084 3479 1128 3553 ad
1157 3478 1294 3577 aliquos
1327 3504 1473 3580 magnos
1503 3504 1651 3578 compu-

445 3596 558 3654 tantes
586 3593 743 3665 nostros,
774 3577 947 3670 videlicet,
975 3578 1018 3651 ad
1042 3579 1298 3654 thesaurarium
1316 3581 1418 3654 Cales
1444 3597 1480 3654 et
1506 3581 1649 3677 hospitii

446 3681 570 3768 nostri,
598 3678 789 3753 vitellarios
818 3677 926 3766 Cales,
957 3679 1161 3753 camerarios
1191 3679 1329 3770 Cestre,
1357 3680 1586 3768 Northwalle‚
1614 3698 1650 3754 et

445 3779 643 3870 Suthwelle,
672 3780 836 3853 custodes
862 3779 1055 3877 garderobe
1082 3780 1228 3877 hospicii
1257 3785 1378 3872 nostri,
1406 3799 1466 3856 aut
1487 3782 1652 3856 custodes

445 3907 570 3982 magne
589 3879 782 3980 garderobe
800 3897 935 3968 nostre,
949 3897 1011 3953 aut
1027 3883 1191 3955 custodes
1209 3883 1282 3956 sive
1299 3884 1442 3956 clericos
1458 3882 1650 3982 garderobe

445 3998 575 4070 nostre,
626 3981 771 4054 clericos
822 3983 1069 4080 operationum
1120 3999 1336 4072 nostrarum,
1378 3981 1651 4058 constabularios

443 4083 653 4184 Burdegale,
688 4081 944 4155 thesaurarium
978 4100 1071 4156 terre
1107 4100 1225 4158 nostre
1256 4085 1442 4173 Hibernis,
1469 4100 1505 4158 et
1531 4109 1651 4184 recep-

443 4202 538 4258 tores
554 4185 715 4258 Ducatus
733 4183 843 4256 nostri
862 4183 1062 4256 lancastrie
1079 4200 1115 4257 et
1132 4186 1291 4259 Ducatus
1318 4189 1428 4260 nostri
1458 4185 1649 4274 Cornubie‚
