3750 5248
456 476 528 566 284
814 470 997 546 novas
1024 469 1304 546 ennarrans

959 769 1082 853 XCI
1097 771 1115 851 l
1130 770 1163 856 l.

804 951 855 1034 xlj
878 949 1074 1030 Februarii,
1095 963 1116 1030 3
1142 949 1234 1017 Heu.
1256 949 1358 1016 vm.

454 1108 662 1183 Heunrcus
696 1107 754 1182 dei
789 1108 902 1206 gratia
936 1109 1011 1181 Rex
1053 1110 1114 1181 An
1142 1105 1188 1180 lie
1221 1124 1258 1180 et
1292 1107 1450 1197 Francie,
1485 1105 1663 1180 Dominus

453 1208 640 1297 Hibernis,
658 1209 824 1284 omnibus
835 1208 978 1282 Ballivis
994 1225 1030 1281 et
1047 1131 1211 1282 fidelibus
1228 1208 1300 1282 suis
1316 1209 1360 1281 ad
1377 1234 1469 1308 quos
1509 1223 1664 1281 resentes

449 1309 566 1384 littere
595 1308 1036 1410 pervenerint—Salutem.
1098 1309 1220 1384 Sciatis
1242 1309 1340 1408 quod
1375 1334 1440 1382 nos
1473 1233 1518 1382 die
1551 1306 1665 1408 gratia

450 1427 570 1485 nostra
603 1411 741 1511 speciali
767 1437 806 1484 ac
832 1436 876 1484 ex
910 1427 1005 1485 certa
1030 1409 1175 1483 scientia
1200 1426 1235 1484 et
1271 1435 1370 1484 mero
1399 1427 1501 1484 motu
1534 1408 1664 1482 nostris

451 1513 728 1612 perdonavimus
761 1511 962 1585 remisimus
994 1528 1030 1586 et
1057 1511 1300 1598 relaxavimus,
1326 1537 1365 1584 ac
1396 1535 1458 1610 per
1487 1527 1665 1608 presentes

451 1612 687 1711 perdonamus
721 1613 939 1687 remittimus
972 1629 1008 1685 et
1041 1612 1249 1701 relaxamus,
1277 1611 1425 1714 Majori,
1451 1610 1600 1699 Ballivo,
1626 1627 1663 1683 et

450 1713 708 1789 Communitati
746 1714 827 1788 ville
868 1729 985 1788 nostre
1020 1715 1193 1805 Dovorre,
1229 1737 1290 1786 seu
1333 1737 1559 1829 quocumque
1593 1711 1663 1785 alio

450 1815 595 1889 nomine
623 1815 732 1889 iidem
764 1815 899 1916 Major,
919 1813 1088 1906 Ballivus,
1106 1831 1142 1887 et
1167 1815 1418 1889 Commumtas
1443 1829 1660 1901 censeantur,

451 1942 574 1990 omnes
590 1932 625 1990 et
643 1915 868 1989 omnimodas
877 1915 1107 2014 proditiones,
1126 1933 1199 1988 tam
1212 1915 1361 2015 majores
1373 1939 1480 2014 quam
1496 1915 1662 2003 minores,

450 2043 489 2092 ac
531 2017 754 2092 omnimodas
795 2016 878 2090 alias
909 2015 1153 2115 prodiciones
1203 2041 1453 2117 quascumque,
1506 2015 1660 2104 murdre,

452 2118 653 2209 homicidia,
672 2115 813 2206 felonia,
831 2115 999 2206 roborias,
1012 2115 1239 2217 burgularias,
1259 2116 1510 2218 abjuraciones,
1529 2132 1663 2214 raptus,

452 2220 634 2318 capciones
644 2219 834 2292 mulierum
845 2243 1165 2318 quascumque,per
1176 2217 1662 2334 ipsosMajorem,Ballivum,

452 2337 488 2394 et
504 2320 820 2408 Communitatem,
838 2335 918 2392 ante
929 2318 1133 2393 vicesimum
1152 2321 1299 2392 tercium
1311 2319 1406 2394 drem
1418 2317 1552 2416 Aprilis
1568 2343 1663 2392 anno

453 2421 554 2522 regni
581 2421 692 2495 nostri
722 2421 839 2520 primo
856 2419 990 2494 habitas
1015 2419 1124 2496 factas
1147 2421 1221 2493 sive
1247 2436 1485 2520 perpetratas:
1513 2418 1662 2492 aceciam

454 2522 660 2596 omnimoda
675 2521 810 2620 escapia
825 2537 861 2594 et
878 2521 1066 2610 evasiones,
1087 2519 1287 2595 voluntaria
1308 2537 1345 2595 et
1362 2547 1435 2594 non
1453 2520 1664 2610 voluntaria,

479 2648 760 2723 uorumcumque
787 2621 1011 2722 proditorum
1037 2623 1303 2698 murdratorum
1328 2637 1364 2696 et
1391 2620 1661 2709 homicidarum,

452 2651 623 2812 lelonum,
657 2723 941 2822 burgulatorum,
991 2739 1028 2798 et
1069 2749 1377 2824 quorumcumque
1417 2739 1661 2822 suspectorum

453 2825 681 2926 prodicionis,
711 2825 860 2916 murdri,
888 2823 1082 2914 homicidii,
1109 2824 1261 2917 roborie,
1291 2842 1326 2898 et
1357 2822 1497 2913 felonia,
1525 2847 1661 2898 necnon

451 2926 585 3026 escapia
614 2926 821 3000 clericorum
844 2925 1078 2999 attinctorum
1105 2950 1146 2999 ac
1174 2926 1420 2999 convictorum
1450 2941 1486 2999 et
1511 2924 1661 2998 aliorum

451 3027 728 3126 prisonariorum
752 3051 1062 3126 quorumcumque
1091 3025 1287 3102 acustodia
1312 3027 1471 3126 ipsorum
1498 3025 1662 3127 Majoris,

453 3127 591 3217 Ballivi,
614 3145 650 3202 et
668 3127 945 3204 Communitatis
965 3126 1070 3200 simul
1087 3127 1252 3201 eumalio
1276 3127 1333 3201 vel
1350 3126 1441 3215 aliis,
1458 3141 1518 3200 aut
1535 3152 1660 3200 eorum

448 3231 712 3329 deputatorum,
730 3253 866 3303 necnon
883 3227 1087 3303 acoessarios
1111 3229 1258 3317 murdri,
1277 3226 1470 3315 homicidii,
1492 3253 1662 3326 quarum-

450 3357 604 3432 cumque
646 3329 871 3418 fcloniarum,
911 3329 1145 3419 roboriarum,
1176 3347 1211 3403 et
1252 3328 1400 3403 aliarum
1451 3326 1660 3402 feloniarum

452 3456 760 3532 quarumcumque
777 3455 839 3530 per
849 3431 944 3530 ipsos
955 3429 1147 3532 Majorem,
1158 3429 1348 3519 Ballivum,
1366 3447 1402 3502 et
1412 3429 1662 3504 Communica—

453 3551 525 3606 tem
560 3552 640 3608 ante
666 3532 820 3606 eundem
845 3532 939 3606 diem
967 3529 1058 3605 facta
1087 3530 1205 3604 habita
1236 3531 1311 3605 sive
1345 3547 1551 3630 perpetrata,
1581 3531 1662 3605 licet

452 3633 560 3708 iidem
595 3633 728 3733 Major,
755 3633 923 3722 Ballivus,
949 3648 985 3706 et
1017 3633 1267 3708 Communitas
1300 3633 1346 3706 de
1380 3631 1568 3731 premissis,
1604 3632 1661 3705 vel

451 3734 573 3836 aliquo
614 3735 880 3832 premissorum,
915 3733 1058 3808 iudicati
1102 3733 1266 3833 appellati
1308 3733 1428 3807 rectati
1470 3732 1660 3833 adjudicati

453 3837 598 3937 utlagati
615 3835 862 3932 condempnati
888 3834 1041 3908 convicti
1072 3835 1128 3909 vel
1153 3834 1289 3908 attincti
1315 3835 1464 3909 existant
1487 3833 1563 3908 sive
1589 3859 1661 3908 non

451 3938 627 4012 existant:
673 3961 810 4010 necnon
844 3960 970 4011 omnes
1002 3951 1039 4009 et
1071 3936 1228 4034 singulas
1260 3934 1447 4035 utlagarias
1488 3935 1526 4006 in
1568 3935 1662 4034 ipsos

455 4038 644 4139 Majorem,
663 4035 850 4127 nativum,
869 4053 906 4111 et
922 4037 1224 4110 Communitatem
1237 4036 1378 4110 accione
1395 4035 1661 4134 premissorum,

451 4139 525 4213 sive
568 4163 691 4213 eorum
733 4136 891 4238 alicujus,
924 4155 1004 4212 ante
1046 4138 1201 4212 eundern
1244 4137 1349 4225 diem,
1396 4135 1657 4236 promulgatas:

450 4239 599 4315 aceciam
636 4237 843 4314 omnimoda
875 4255 910 4311 et
943 4238 1085 4337 singula
1123 4238 1261 4338 judicia
1297 4263 1404 4336 penas
1455 4238 1580 4312 mortis
1626 4253 1662 4311 et

451 4342 678 4416 execuciones
700 4341 837 4414 ratione
865 4365 927 4412 seu
945 4339 1127 4414 occasione
1151 4339 1417 4438 premissorum,
1433 4339 1509 4412 sive
1534 4363 1660 4413 eorum
