3728 5258
436 497 483 571 74
795 474 975 552 novss
1002 475 1279 550 cunsrsss

304 677 308 685 ’
434 678 581 777 predicti
614 677 797 773 Johannis.
848 677 899 751 Et
936 677 1053 752 dictus
1089 678 1211 780 Major
1240 678 1339 752 venit
1368 693 1404 751 et
1429 677 1641 777 dicitquod

434 796 577 877 paratus
593 795 647 854 est
663 781 707 854 ad
726 777 1013 878 respondendum
1025 839 1027 844 .
1039 778 1137 852 dicto
1152 779 1306 872 Johanni
1323 779 1640 878 qualitercumque,

432 895 498 953 etc.
550 881 601 955 Et
625 882 709 981 quia
725 879 847 954 asserit
870 878 1004 953 factum
1027 905 1100 953 esse
1124 878 1217 954 infra
1232 880 1431 954 libertatem
1447 880 1540 953 dicte
1558 879 1640 952 ville

685 982 729 1056 de
754 980 935 1056 Sandwico
960 1006 1022 1079 per
1049 981 1227 1082 Majorem
1243 980 1414 1082 ejusdem,
1433 981 1521 1054 ldeo
1537 980 1641 1054 datus

682 1097 736 1155 est
761 1082 836 1157 dies
861 1083 1021 1180 partibus
1049 1083 1149 1184 quod
1168 1082 1240 1155 sint
1255 1107 1374 1155 coram
1393 1082 1566 1170 Custode,
1584 1082 1640 1196 vel

432 1283 477 1358 «ιο
504 1209 760 1358 somnii
777 1181 1339 1382 Jl'tl“;¹5lh0²l„55⁶l{}ll
1360 1184 1479 1357 fflii
1493 1182 1639 1384 diiii

433 1385 610 1561 Mmpupis
626 1385 832 1486 proximum
853 1384 1030 1475 futurum,
1048 1402 1115 1458 etc.
1168 1385 1357 1484 Recepturi
1378 1385 1478 1485 quod
1496 1384 1640 1486 justicia

433 1511 497 1559 sua
537 1502 641 1561 crta.

508 1737 705 1812 Nicholaus
727 1736 922 1835 Espeloun‚
945 1738 1066 1840 Major
1090 1737 1172 1812 ville
1195 1740 1239 1812 de
1265 1738 1458 1829 Sandwico,
1475 1737 1639 1839 queritur

433 1838 477 1911 de
508 1839 670 1912 Henrico
694 1838 873 1912 Wardiew
898 1839 943 1913 de
969 1837 1097 1937 placito
1127 1841 1424 1940 transgressionis,
1455 1840 1639 1939 imponens

432 1940 569 2016 dictum
613 1939 817 2014 Henricum
859 1939 990 2037 cepisse
1024 1940 1204 2040 quandam
1243 1941 1505 2015 districcionem
1547 1939 1640 2014 infra

682 2039 879 2114 libertatem
908 2056 1034 2138 portus
1060 2040 1105 2114 de
1131 2040 1313 2114 Sandwico
1340 2067 1406 2140 pro
1433 2041 1576 2116 redditu
1603 2057 1639 2115 et

681 2141 837 2214 serviciis
854 2141 891 2213 in
908 2139 1084 2215 forinseco
1100 2141 1216 2215 eidem
1243 2141 1405 2216 Henrico
1431 2142 1639 2240 pertinenti-

683 2242 760 2333 bus,
779 2257 901 2316 contra
917 2258 1028 2315 cartas
1043 2240 1247 2316 libertatum
1265 2241 1436 2342 Quinque
1458 2243 1637 2316 Portuum

432 2344 476 2417 ad
494 2344 576 2418 dam
602 2367 687 2416 num
706 2368 753 2414 xx
782 2341 979 2430 librarum;
1004 2367 1044 2414 ac
1070 2341 1180 2416 eciam
1207 2341 1245 2416 in
1273 2359 1518 2442 contemptum
1545 2341 1638 2416 Cus-

431 2444 527 2518 todis
562 2369 735 2543 §uirique
771 2444 949 2518 Portuum
979 2443 1073 2516 unde
1106 2444 1220 2518 eidem
1252 2441 1403 2516 Custodi
1433 2468 1494 2542 per
1528 2461 1638 2517 cartas

431 2543 635 2618 libertatum
659 2569 805 2618 suarum
822 2544 990 2618 hactenus
1008 2544 1153 2617 usitatas
1170 2570 1193 2618 x
1209 2544 1316 2617 libras
1333 2542 1469 2618 solvere
1486 2559 1635 2620 tenetur.

431 2644 482 2718 Et
511 2645 691 2744 predictus
721 2644 905 2718 Henricus
935 2671 1076 2743 presens
1106 2646 1141 2719 in
1173 2645 1283 2718 Curia
1305 2644 1515 2719 attachiatus
1532 2671 1637 2744 super

431 2745 611 2846 premissis
636 2745 845 2820 inconsultis
871 2745 960 2844 petit
984 2746 1049 2820 sibi
1076 2747 1170 2820 diem
1196 2745 1270 2820 dari
1295 2763 1331 2820 et
1358 2747 1479 2820 locum
1495 2746 1538 2820 ad
1557 2771 1638 2844 pre-

430 2847 524 2921 dicta
541 2871 774 2944 responsura:
803 2847 890 2920 Ideo
916 2848 1020 2921 datus
1045 2863 1098 2920 est
1115 2845 1191 2921 dies
1208 2846 1369 2945 partibus
1389 2847 1434 2920 ed
1457 2847 1637 2922 ecclesiam

429 2947 545 3022 Sancti
574 2947 695 3042 Jacobi
726 2949 771 3023 de
800 2949 965 3024 Dovorra
994 2947 1051 3022 die
1079 2946 1182 3041 Jovis
1211 2947 1375 3046 proximo
1404 2964 1484 3022 ante
1502 2947 1636 3020 festum

430 3047 545 3123 Sancti
576 3049 722 3150 Georgii
755 3049 916 3124 Martiris
946 3049 1149 3147 proximum
1178 3048 1356 3142 futurum,
1394 3049 1439 3122 ad
1468 3049 1637 3149 premissa

430 3174 648 3250 responsura

505 3251 555 3325 Et
573 3265 657 3326 sunt
675 3267 940 3349 manucaptores
958 3249 1109 3324 Henrici
1126 3249 1312 3340 Wardieu,

1106 3351 1292 3450 Johannus
1312 3351 1424 3438 Pirot,

1106 3453 1304 3554 Stephanus
1315 3454 1361 3529 de
1378 3451 1583 3528 Orlavston.

504 3705 701 3806 Stephanus
721 3704 765 3777 de
782 3703 998 3777 Orlavstone
1015 3703 1096 3777 alias
1109 3703 1273 3803 queritur
1285 3703 1330 3777 de
1341 3703 1502 3798 johanne
1518 3705 1636 3779 Love-

429 3805 518 3897 rike‚
534 3830 646 3904 nuper
659 3804 801 3906 Majore
813 3805 897 3878 ville
910 3804 955 3878 de
966 3804 1157 3895 Sandwico,
1171 3830 1209 3877 ac
1222 3805 1331 3878 eciam
1344 3805 1388 3879 de
1398 3806 1532 3899 Juratis
1542 3807 1635 3908 ejus-

428 3906 510 3981 dem
528 3905 610 3980 ville
634 3906 679 3979 de
704 3905 834 4003 placito
856 3903 933 3978 falsi
952 3905 1080 4007 judicii
1092 3905 1276 4007 cujusdam
1293 3905 1434 4006 loquele
1450 3908 1635 4005 pendentis

679 4007 781 4097 inter,
794 4022 858 4082 etc
912 4005 962 4079 Et
986 4007 1123 4080 invenit
1149 4005 1284 4107 plegios
1307 4007 1354 4080 de
1374 4008 1634 4108 prosequendo,

678 4107 892 4205 Stephanum
922 4109 967 4182 de
993 4107 1237 4197 Orlavestone,
1270 4108 1459 4182 Ricardum
1489 4109 1632 4208 Aleyn:
1731 4161 1733 4165 -

679 4209 729 4283 Et
756 4210 851 4283 unde
876 4211 1084 4284 mandatum
1110 4208 1181 4282 fuit
1209 4208 1342 4310 Majori
1368 4226 1405 4285 et
1431 4209 1568 4284 Ballivo
1591 4210 1634 4284 de

427 4309 610 4384 Sandwico
636 4310 735 4410 quod
762 4310 951 4384 recordum
978 4328 1014 4385 et
1041 4335 1243 4412 processum
1267 4310 1360 4384 dicte
1385 4312 1526 4412 loquele
1550 4336 1632 4385 cum
