3702 5254
440 461 513 558 360
800 458 980 535 DOVER
1006 457 1285 536 CHARTERS

998 659 1097 741 CV.

762 834 1068 917 ”Novembris
1089 843 1112 918 5
1132 833 1236 904 Ena.
1256 833 1321 904 Vl.

440 987 531 1064 Hac
557 988 746 1066 indentura
769 987 862 1066 facta
882 989 1051 1066 vioeaimo
1080 988 1138 1064 die
1163 988 1293 1064 mensis
1315 987 1532 1064 Novembris
1553 1013 1650 1063 anno

441 1091 555 1191 Regni
573 1091 722 1166 Domini
740 1091 908 1166 Edwardi
926 1091 1027 1178 sexti,
1044 1091 1113 1165 Dei
1134 1091 1252 1190 gracia
1273 1089 1417 1190 Anglie,
1435 1089 1590 1179 ffrancie,
1610 1103 1648 1163 et

441 1191 621 1266 Hibernie
671 1193 790 1368 Repip,
835 1191 917 1266 fidei
954 1190 1150 1267 defensoris
1191 1217 1230 1265 ac
1275 1191 1313 1264 in
1354 1207 1449 1266 terra
1490 1189 1648 1265 Eccleaie

441 1293 638 1394 Anglicane
666 1311 703 1368 et
777 1293 929 1369 ibernice
955 1293 1117 1391 Suprcmi
1142 1291 1290 1392 Capitis,
1315 1292 1456 1393 quinto,
1486 1307 1648 1379 testatur,

467 1396 541 1469 uod
569 1394 748 1470 Robertus
771 1393 918 1490 Justice,
937 1393 1059 1467 Ma‘or
1083 1392 1168 1467 ville
1191 1410 1228 1467 et
1302 1409 1378 1468 rtus
1402 1394 1578 1483 Dovorre,
1611 1409 1649 1466 et

439 1419 619 1590 lohannes
637 1495 785 1584 Harise,
801 1496 981 1591 Johannes
1043 1493 1192 1594 ughson,
1263 1494 1416 1568 illelmus
1435 1493 1647 1582 Unthanlre,

442 1613 478 1670 et
496 1595 699 1670 Willelmus
724 1598 879 1697 Beynge,
896 1595 1072 1670 Custodes
1087 1595 1247 1696 ejusdem
1272 1595 1368 1688 ville,
1385 1621 1447 1694 per
1469 1619 1649 1668 assensum

441 1712 478 1770 et
494 1722 704 1772 consensum
719 1699 834 1772 tocius
847 1696 1123 1772 communitatis
1137 1695 1220 1770 ville
1233 1696 1388 1795 predicte
1404 1711 1649 1770 concesserunt

442 1798 655 1872 dimiserunt
679 1815 715 1872 et
744 1799 789 1873 ad
815 1796 911 1872 feodi
938 1797 1077 1871 firmam
1109 1797 1333 1872 tradiderunt
1357 1796 1499 1871 Thome
1524 1797 1649 1896 ffynet,

443 1897 589 1974 *unum
621 1900 829 1994 Juratorum
861 1897 945 1973 ville
980 1897 1148 2016 predicte,
1185 1923 1298 1972 unum
1322 1898 1543 1999 mesuagium
1568 1923 1650 1970 cum

443 2001 671 2098 pertinenciis
686 2001 877 2074 scituatum
893 2014 1148 2074 eternstentem
1165 1997 1257 2072 infra
1271 1999 1468 2074 libertatern
1486 2001 1650 2073 Dovorre

443 2100 600 2200 predicte
624 2101 662 2174 in
694 2100 954 2190 Burmanuard,
982 2101 1159 2189 videlicet,
1187 2099 1361 2199 capitand’
1386 2125 1431 2174 ex
1456 2125 1527 2174 una
1551 2117 1650 2200 parte

444 2201 489 2275 ad
518 2201 667 2302 Regiam
695 2201 790 2276 viam
816 2201 1005 2276 ducentem
1047 2227 1153 2297 supra
1185 2225 1329 2276 murum
1361 2201 1448 2276 ville
1480 2201 1649 2300 predicte,

444 2319 611 2377 vocatum
652 2301 782 2376 Above
831 2301 959 2391 Walle,
1004 2327 1125 2376 versus
1166 2303 1358 2393 southeast,
1400 2301 1571 2376 laterand’
1604 2301 1649 2375 ad

447 2425 591 2478 murum
616 2403 712 2478 dicte
745 2401 829 2476 ville
861 2427 985 2478 versus
1010 2403 1236 2493 southewest‚
1263 2403 1437 2502 capitand’
1467 2429 1511 2476 ex
1543 2401 1651 2477 altera

445 2521 543 2604 parte
560 2504 605 2580 ad
621 2504 747 2578 *terre
758 2529 870 2602 nuper
881 2505 1024 2578 Thome
1035 2503 1263 2605 Libeas,jure
1276 2504 1394 2578 uxoris
1406 2528 1479 2594 sue,
1492 2504 1601 2578 modo
1614 2503 1650 2576 in

447 2629 571 2678 manus
588 2605 737 2680 Domini
756 2606 874 2704 Regis,
892 2629 1014 2679 versus
1038 2606 1283 2695 northeweste,
1300 2620 1337 2678 et
1357 2604 1527 2678 laterand'
1547 2605 1652 2706 juxta

446 2705 618 2780 venellam
643 2721 803 2780 voeamm
828 2707 984 2780 Burman
1010 2705 1108 2779 Lane
1129 2731 1253 2781 versus
1269 2707 1472 2781 northeast:
1500 2707 1649 2780 habend’

446 2822 481 2880 et
508 2807 651 2882 tenend’
677 2806 877 2907 predictum
904 2823 1146 2881 tenementum
1174 2832 1256 2880 cum
1283 2806 1448 2882 omnibus
1473 2807 1546 2880 suis
1572 2831 1652 2905 per-

446 2907 608 2983 tinenciis
623 2906 760 3008 prefato
775 2908 917 2982 Thome
934 2907 1100 3008 ffynnett,
1117 2908 1303 2982 heredibus
1318 2924 1356 2982 et
1371 2907 1553 3008 assignatis
1568 2907 1650 2999 suis,

447 3008 576 3084 afesto
601 3009 716 3084 Sancti
747 3009 934 3084 Michaelis
962 3008 1189 3108 Archangelli
1219 3009 1347 3083 ultimo
1376 3008 1547 3108 preterito
1572 3025 1653 3084 ante

445 3109 570 3185 datum
586 3109 756 3209 presentis
772 3135 884 3212 usque
900 3109 945 3183 ad
962 3109 1069 3183 linem
1084 3111 1226 3185 termini
1243 3110 1463 3211 septuaginta
1478 3135 1652 3184 annorum

446 3226 576 3285 extunc
604 3211 848 3310 proximorum
877 3208 1084 3284 futurorum
1109 3211 1278 3311 sequend'
1308 3226 1345 3285 et
1374 3209 1528 3312 plenarie
1554 3236 1654 3285 com-

446 3313 650 3412 pletorum:
677 3311 827 3386 ffaciend
849 3310 932 3386 inde
953 3311 1141 3385 servicium
1166 3312 1314 3386 domino
1333 3327 1456 3386 nostro
1471 3311 1546 3412 regi
1569 3337 1652 3386 cum

446 3413 611 3487 acciderit
634 3413 829 3486 secundum
855 3413 1145 3488 consuetudinem
1170 3411 1254 3486 ville
1269 3428 1307 3486 et
1332 3428 1456 3512 portus
1476 3413 1647 3512 predicti:

446 3539 486 3588 ac
511 3512 619 3587 etiam
648 3513 793 3588 redend’
819 3513 903 3588 inde
930 3513 1115 3588 annuatim
1142 3513 1288 3612 prefatis
1317 3511 1451 3614 Majori
1475 3529 1513 3587 et
1542 3515 1652 3589 Com-

446 3613 612 3688 munitati
637 3628 673 3687 et
696 3637 820 3688 eorum
837 3615 1104 3705 successoribus,
1121 3641 1233 3688 unum
1260 3615 1443 3689 annualem
1468 3615 1652 3692 redditum

446 3715 637 3790 tresdecem
653 3714 849 3790 solidorum
875 3731 910 3789 et
926 3731 1100 3816 quartuor
1115 3715 1341 3790 denariorum
1363 3715 1456 3790 bone
1479 3733 1514 3790 et
1531 3715 1652 3816 legalis

446 3830 587 3890 monete
602 3817 736 3917 Anglie
760 3815 798 3890 in
823 3816 931 3890 Festo
946 3816 1213 3915 Assumpcionis
1237 3815 1336 3892 beate
1361 3817 1478 3890 Marie
1494 3816 1653 3918 Virginis

444 3915 604 3992 solvend’
646 3917 850 3992 annuatim:
897 3933 934 3991 et
984 3918 1013 3990 si
1063 3919 1245 4018 contingat
1286 3917 1422 3992 dictum
1465 3918 1652 3992 annualem

444 4017 625 4094 redditum
640 4018 834 4093 tresdecem
851 4016 1047 4092 solidorum
1064 4033 1100 4092 et
1125 4034 1280 4118 quatuor
1294 4019 1520 4094 denariorum
1536 4035 1653 4094 aretro

444 4119 522 4194 fore
540 4144 612 4193 non
629 4118 798 4208 solutum,
825 4119 861 4192 in
887 4135 986 4220 parte
1010 4119 1069 4192 vel
1094 4119 1132 4192 in
1149 4136 1240 4208 toto,
1266 4145 1329 4218 per
1344 4119 1556 4219 quindecem
1575 4120 1651 4195 dies

445 4221 627 4318 proximos
643 4220 812 4320 sequend'
826 4236 908 4320 post
920 4218 1052 4294 festum
1065 4220 1265 4320 predictum
1278 4219 1299 4262 ⁴*
1309 4245 1399 4322 quos
1411 4220 1502 4295 solvi
1516 4220 1652 4312 debeat,

444 4319 514 4394 vell
531 4321 630 4422 quod
646 4321 831 4421 contingat
854 4337 892 4394 et
908 4321 1047 4396 dictum
1064 4321 1300 4422 messuagium
1324 4346 1405 4395 cum
1428 4321 1653 4421 pertinenciis
