3616 5264
427 313 499 402 418
788 307 968 384 DOVER
993 307 1269 385 CHARTERS

894 603 1163 684 CXXIII.

817 779 1243 864 mAugumcEllz.

431 935 522 1012 Hoc
564 937 757 1013 indenturc
792 953 942 1012 testetur
983 938 1082 1038 quod
1124 937 1328 1012 willelmus
1373 937 1645 1034 Hannyngton‚

433 1037 555 1111 Maior
580 1037 663 1112 ville
688 1054 724 1113 et
748 1054 875 1138 portus
899 1039 1036 1126 Dovor,
1056 1037 1093 1111 in
1113 1037 1286 1112 comitatu
1303 1037 1447 1126 Kande,
1478 1037 1647 1109 Thomas

433 1137 587 1230 Psinter,
603 1139 782 1235 Johsnnes
801 1137 976 1238 Hobday‚
994 1139 1173 1214 Robertue
1197 1138 1346 1229 Nikanr,
1362 1154 1398 1211 et
1424 1135 1646 1212 Cristoferus

432 1237 561 1330 Eliott,
591 1242 767 1317 Custodes
794 1240 889 1316 dicte
917 1240 1014 1331 ville,
1044 1239 1201 1314 unanimi
1230 1265 1371 1313 assensu
1403 1255 1440 1313 et
1468 1262 1645 1311 consensu

431 1339 546 1416 tocius
562 1340 840 1416 communitatis
862 1340 1020 1441 ejusdem
1040 1341 1123 1414 ville
1148 1341 1370 1415 tradiderunt
1392 1354 1643 1414 concesserrmt

430 1457 467 1516 et
489 1441 533 1516 cd
560 1439 657 1518 feodi
681 1443 818 1516 firmem
842 1441 1062 1517 demiserunt
1088 1441 1273 1518 Willelmo
1302 1442 1458 1529 Burdm,
1486 1441 1531 1514 de
1558 1437 1644 1511 villa

430 1557 467 1616 et
500 1559 610 1642 portu
638 1545 766 1619 Dovor
798 1543 967 1641 predicte,
1001 1544 1138 1638 Jursto,
1173 1569 1281 1617 unam
1314 1567 1459 1616 vacuam
1485 1540 1642 1640 plsmm
1789 1621 1790 1624 Ἴ

432 1657 524 1717 terre
550 1668 633 1718 cum
660 1642 826 1720 omnibus
850 1643 924 1717 suis
946 1643 1180 1742 pertinenciis,
1199 1644 1440 1718 continentem
1457 1643 1495 1715 in
1521 1640 1643 1740 longi-

430 1743 555 1820 tudine
571 1745 770 1820 dewcentos
795 1743 923 1860 viginti
941 1769 1053 1818 unum
1077 1744 1185 1844 pedes
1207 1760 1311 1834 terre,
1327 1760 1365 1818 et
1389 1744 1425 1817 in
1451 1742 1642 1817 latitudine

431 1869 543 2018 usflue
568 1845 682 1920 altum
708 1869 814 1935 mere,
834 1861 1012 1946 jacentem
1031 1861 1068 1920 et
1092 1845 1300 1921 existentem
1325 1843 1418 1918 infra
1439 1843 1643 1917 libertatern
1789 1871 1790 1892 ¹

431 1945 466 2018 vi
496 1971 515 2019 e
548 1961 584 2020 et
611 1961 737 2047 portus
764 1946 891 2021 Dovor
925 1945 1097 2046 predicte,
1131 1945 1224 2020 inter
1256 1945 1433 2047 quandam
1468 1944 1642 2018 venellam
1789 1997 1790 2000 η

429 2045 619 2120 ducentem
645 2045 690 2120 sb
722 2046 794 2121 alto
827 2046 916 2120 mari
950 2071 1062 2146 usque
1089 2046 1133 2121 cd
1161 2045 1310 2146 Regiam
1338 2062 1484 2120 stratam
1517 2068 1644 2118 versus

429 2146 655 2238 southwesst,
683 2163 721 2222 et
749 2147 900 2221 similem
930 2147 1089 2222 venelsm
1117 2173 1241 2223 versus
1270 2147 1462 2238 northern,
1488 2145 1642 2245 Regiam

431 2263 574 2320 stratam
599 2271 722 2322 versus
738 2247 963 2336 northweest,
983 2273 1023 2322 ec
1048 2248 1160 2322 altum
1178 2273 1274 2322 mare
1291 2273 1413 2322 versus
1429 2245 1640 2320 southeest:

432 2346 581 2424 hnbend'
609 2364 647 2423 et
675 2345 819 2424 tenend'
849 2347 1043 2448 predictam
1076 2373 1223 2424 vacuam
1254 2349 1408 2448 placeam
1437 2365 1528 2422 terre
1557 2370 1643 2418 cum

433 2447 599 2522 omnibus
615 2448 688 2524 suis
698 2447 923 2548 pertinenciis
999 2446 1074 2524 fato
1091 2448 1277 2523 Willelmo
1287 2449 1440 2536 Burden‚
1452 2445 1644 2522 heredibus

431 2565 468 2624 et
484 2548 669 2650 essignstis
693 2549 777 2640 suis,
793 2573 814 2622 a
830 2546 923 2624 festo
936 2473 1149 2624 §invitatis
1165 2549 1280 2624 saneti
1293 2547 1465 2644 johannis
1482 2547 1644 2646 Baptiste

432 2649 561 2724 ultimo
583 2649 753 2748 preterito
776 2665 858 2725 ente
879 2649 1005 2724 datum
1024 2650 1258 2748 presencium,
1274 2652 1320 2725 de
1343 2673 1437 2725 enno
1452 2648 1490 2723 in
1506 2672 1642 2721 annum

432 2775 506 2824 uno
518 2768 599 2850 post
610 2749 720 2825 elium
733 2751 904 2849 usquead
917 2750 1023 2824 finem
1036 2766 1074 2825 et
1083 2751 1276 2826 terminum
1292 2750 1446 2826 lmoorist
1465 2773 1642 2824 annorum

432 2867 578 2927 extunc
595 2850 842 2968 proximorum
921 2851 1086 2925 uencium
1103 2867 1140 2926 et
1155 2851 1309 2950 plenarie
1325 2850 1643 2950 complendorum:
1789 2913 1790 2928 1

431 2951 581 3027 faciend’
599 2953 682 3028 inde
694 2951 883 3026 servicium
926 2951 1045 3026 omine
1061 2968 1179 3026 nostre
1194 2953 1315 3052 regine
1331 2970 1368 3026 et
1383 2948 1644 3025 successoribus

432 3051 505 3128 suis
533 3053 728 3129 secundum
757 3052 1048 3127 consuetudinem
1073 3069 1199 3152 portus
1223 3055 1351 3128 Dovor
1376 3051 1533 3151 predicte
1557 3076 1642 3125 cum
1789 3129 1790 3144 p

433 3153 626 3242 ceciderit3
668 3179 709 3228 sc
740 3153 850 3226 eciam
880 3151 1052 3228 reddend’
1081 3170 1118 3228 et
1146 3153 1319 3228 sollvend’
1347 3152 1429 3227 inde
1458 3151 1642 3226 annuatim

435 3253 569 3355 Msjori
602 3277 642 3327 tc
675 3252 893 3330 Custodibus
924 3253 1019 3327 dicte
1054 3253 1139 3328 ville
1172 3255 1236 3355 qui
1270 3269 1356 3328 tunc
1381 3278 1447 3353 pro
1479 3269 1644 3351 tempore

435 3352 570 3429 fuerint
595 3353 632 3428 in
661 3352 754 3430 festo
779 3353 1029 3454 Asumpcionis
1057 3353 1157 3429 beate
1188 3355 1307 3428 Marie
1332 3353 1493 3455 Virginis
1517 3353 1642 3428 decem

434 3453 567 3530 solidos
599 3479 665 3554 pro
697 3455 837 3528 annuali
871 3454 1041 3529 redditu:
1085 3471 1122 3529 et
1156 3455 1184 3529 si
1219 3455 1402 3556 contingat
1441 3453 1641 3555 predictum
1789 3519 1790 3524 ,

434 3553 620 3630 annualem
642 3554 823 3629 redditum
847 3556 892 3629 de
917 3556 991 3629 xsh.
1019 3554 1220 3630 adfectum
1246 3555 1317 3630 vell
1342 3554 1535 3630 terminum
1560 3579 1644 3654 pre-

433 3654 571 3732 dictum
591 3681 665 3756 quo
680 3655 785 3732 sollvi
801 3655 927 3731 debeat
943 3671 1061 3730 aretro
1084 3655 1163 3730 fore
1178 3655 1375 3731 insolutum
1401 3655 1438 3729 in
1456 3671 1555 3754 parte
1570 3655 1643 3730 vell

435 3856 610 4030 legittime
634 3857 800 3976 petitum,
828 3872 914 3931 tunc
942 3856 1082 3932 licitum
1108 3857 1176 3932 erit
1203 3857 1336 3974 Majori
1362 3873 1398 3973 et
1423 3855 1643 3972 custodibus

433 3985 470 4033 vr
486 3958 518 4030 le
547 3957 702 4057 predicte
729 3983 793 4059 qun
823 3973 908 4031 tunc
938 3983 1005 4056 pro
1027 3975 1187 4058 ternpore
1216 3957 1349 4032 fuennt
1383 3983 1420 4030 rn
1449 3956 1641 4056 predictam

437 4083 580 4132 vacuam
610 4058 762 4156 placeam
797 4073 890 4132 terre
924 4083 1007 4134 cum
1040 4059 1206 4134 omnibus
1231 4059 1303 4132 suis
1335 4056 1572 4155 pertinenciis,
1597 4057 1640 4130 sd

435 3755 473 3831 in
489 3771 570 3831 toto
586 3753 678 3831 ultre
693 3755 889 3831 terminum
902 3755 1101 3855 predictum
1114 3781 1177 3857 per
1192 3756 1350 3856 spacium
1367 3781 1429 3830 xv.
1443 3755 1595 3846 dierum,
1612 3755 1642 3829 si
