3744 5296
814 486 989 562 DOVER
1016 485 1294 562 CHARTERS

981 785 1137 868 xlll.

826 933 1037 1016 vAugusti,
1060 947 1100 1014 13
1121 933 1223 1000 Edw.
1248 934 1274 1000 1.

452 1084 680 1158 Euwxnous
706 1083 764 1155 dei
789 1083 905 1183 gracia
932 1084 1008 1155 Rex
1033 1083 1183 1182 Anglie,
1206 1082 1385 1155 Dominus
1423 1081 1600 1156 Hibernis
1624 1100 1660 1156 et

452 1187 538 1258 Dux
571 1182 777 1284 Aquitanie,
814 1182 946 1257 dilecto
981 1182 1148 1258 servienti
1183 1181 1221 1255 in
1255 1182 1411 1272 Christo,
1446 1181 1578 1256 Abbati
1616 1183 1662 1258 de

453 1285 888 1360 ffaversham—Salutem.
941 1283 1038 1382 Quia
1066 1309 1110 1357 ex
1139 1283 1282 1384 querela
1309 1284 1490 1357 Baronum
1519 1300 1661 1358 nostro-

451 1412 532 1459 rum
562 1386 606 1461 de
634 1385 862 1460 ffaveresham
891 1385 1088 1483 accepimus
1118 1383 1217 1484 quod
1242 1409 1308 1459 vos
1332 1400 1369 1458 et
1402 1385 1520 1458 ballivi
1546 1385 1659 1461 vestri

451 1488 497 1563 de
514 1487 741 1561 ffaveresham
759 1503 901 1560 nostros
916 1487 1072 1559 Baroncs
1088 1485 1133 1559 ad
1150 1484 1295 1559 servicia
1310 1483 1468 1560 indebita
1483 1501 1520 1560 et
1536 1485 1661 1560 incon-

450 1606 551 1662 sueta
584 1588 687 1663 vobis
722 1586 871 1661 faciend’
905 1587 1062 1688 graviter
1099 1585 1323 1686 distringitis,
1356 1602 1393 1661 et
1427 1611 1503 1676 vos,
1538 1602 1661 1661 contra

450 1690 629 1789 quandam
655 1687 954 1787 composicionem
979 1687 1117 1763 dudum
1140 1687 1232 1762 inter
1254 1712 1319 1762 vos
1343 1703 1380 1760 et
1402 1685 1498 1786 ipsos
1522 1686 1659 1777 initam,

450 1790 657 1891 inquietatis
681 1788 927 1888 multipliciter
951 1802 988 1862 et
1014 1787 1170 1890 gravatis
1192 1789 1310 1862 minus
1330 1787 1428 1888 juste
1443 1788 1482 1861 in
1499 1787 1659 1888 ipsorum

450 1892 632 1965 Baronum
665 1889 892 1990 dispendium
936 1915 1007 1962 non
1047 1889 1228 1964 modicum
1267 1906 1303 1962 et
1344 1914 1546 1988 gravamen,
1581 1891 1660 1963 Nos

452 1994 611 2066 nolentes
643 1991 744 2091 quod
777 1990 908 2065 eisdem
952 1988 1149 2064 Batonibus
1182 1988 1359 2092 injurietis
1393 1990 1430 2065 in
1463 1990 1528 2063 hac
1561 2007 1660 2090 parte

452 2093 553 2166 vobis
578 2094 798 2182 mandamus,
815 2091 907 2165 sicut
932 2091 1063 2191 pluries
1087 2091 1343 2180 mandavimus,
1364 2090 1514 2164 firmiter
1540 2090 1660 2192 injun-

450 2211 574 2293 gentes
601 2193 700 2293 quod
728 2191 771 2266 ab
798 2192 1004 2293 hujusmodi
1039 2190 1281 2266 exaccionibus
1309 2208 1345 2266 et
1374 2190 1660 2266 districcionibus

451 2293 617 2370 indebitis
633 2291 852 2393 prefatorum
871 2294 1049 2368 Baronum
1073 2308 1198 2366 contra
1214 2293 1345 2367 dictam
1362 2293 1659 2392 composicionem

450 2395 495 2469 dc
524 2412 643 2469 cetero
672 2393 842 2468 inferend'
869 2395 1010 2492 penitus
1036 2393 1221 2482 desistatis,
1256 2409 1293 2468 ct
1319 2393 1467 2468 ballivos
1494 2393 1659 2469 desistere

451 2495 598 2586 faciatis,
611 2496 759 2570 eandem
776 2493 1073 2596 composicionem
1084 2493 1190 2595 juxta
1205 2510 1365 2570 tenorem
1377 2494 1534 2596 ejusdem
1552 2511 1660 2594 prout

445 2598 587 2699 justum
620 2595 728 2670 fuerit
761 2595 985 2670 observantes
1015 2595 1119 2698 juxta
1143 2613 1304 2670 tenorem
1329 2596 1479 2671 aliorum
1515 2597 1660 2672 manda-

365 2745 369 2752 ·
452 2715 575 2772 torum
598 2714 801 2771 nostrorum
851 2723 897 2770 ue
922 2698 1005 2772 inde
1029 2697 1232 2796 recepistis:
1263 2713 1299 2771 et
1324 2697 1585 2772 districcionem
1610 2699 1659 2771 eis

450 2798 630 2874 occasione
646 2797 802 2898 predicta
826 2723 958 2873 laetam
983 2798 1058 2872 sine
1080 2798 1250 2872 dilatione
1267 2797 1427 2873 relaxetis
1442 2799 1586 2889 eisdem,
1605 2799 1660 2873 Ita

450 2901 550 3002 quod
567 2900 699 2974 clamor
715 2900 760 2973 ad
778 2925 843 2973 nos
858 2899 943 2974 inde
961 2925 1034 2974 non
1058 2899 1241 2998 perveniat
1261 2899 1418 2992 iteratus,
1436 2897 1494 2973 vel
1509 2925 1575 2973 vos
1591 2899 1658 2998 ipsi

450 3003 528 3075 sitis
545 3025 661 3075 coram
679 3001 780 3074 nobis
797 3028 817 3075 a
833 3001 891 3075 die
907 2999 1022 3075 Sancti
1037 3000 1224 3074 Michaelis
1240 3000 1277 3074 in
1294 3026 1341 3074 xv
1355 2999 1430 3073 dies
1443 2999 1658 3100 ubicumque

451 3119 535 3177 tunc
560 3100 732 3176 fuerimus
757 3101 794 3174 in
818 3101 953 3202 Anglia
975 3102 1020 3177 ad
1042 3101 1277 3202 respondend’
1295 3099 1439 3199 prefatis
1462 3101 1658 3175 Baronibus

451 3203 496 3276 de
513 3203 652 3305 injustis
668 3201 914 3278 exaccionibus
937 3220 973 3276 et
998 3201 1282 3278 districcionibus
1307 3201 1486 3300 predictis,
1503 3219 1539 3277 et
1556 3202 1659 3276 nobis

477 3329 558 3377 uare
590 3303 755 3378 mandata
789 3321 908 3378 nostra
940 3305 1073 3380 tociens
1110 3304 1194 3378 inde
1227 3301 1330 3378 vobis
1362 3303 1495 3378 directa
1531 3305 1657 3405 exequi

450 3329 659 3479 intulistis:
686 3420 724 3478 ct
748 3403 903 3478 habeatis
930 3404 977 3479 ibi
1002 3406 1071 3480 hoc
1096 3404 1213 3478 breve.

473 3591 474 3596 ,
526 3503 635 3580 Teste
664 3531 722 3581 me
747 3505 826 3606 ipso
850 3506 947 3606 apud
972 3504 1200 3581 Wolvemere
1230 3517 1267 3578 v⁰
1296 3503 1354 3580 die
1379 3505 1537 3606 Augusti
1563 3531 1657 3581 anno

449 3608 550 3712 regni
577 3608 688 3683 nostri
713 3608 824 3681 tercio
848 3608 997 3682 decimo.
