3748 5266
463 443 531 517 192
820 419 1000 495 DOVER
1028 418 1307 494 CHARTERS

456 621 562 694 finem
592 619 824 717 parliamenti,
858 645 925 717 pro
951 643 987 691 se
1021 634 1057 692 et
1084 616 1250 692 omnibus
1282 617 1477 692 Batonibus
1510 617 1668 718 quinque

456 737 637 820 portuum,
674 720 806 796 ibidem
847 735 1043 818 expectant,
1076 743 1231 819 quorum
1270 719 1380 792 trium
1413 717 1470 791 vel
1509 720 1667 817 plurium

455 822 632 896 Baronum
650 822 723 918 ipse
748 822 839 894 Baro
863 821 994 897 electus
1018 820 1103 894 ville
1123 821 1168 894 de
1195 819 1423 895 ffaveresham
1446 820 1604 918 predicte
1621 821 1666 894 sit

455 921 584 1010 nullus,
626 921 724 1021 quod
766 939 897 996 extunc
939 922 983 995 ad
1016 922 1171 996 reditum
1212 920 1391 995 dictorum
1431 922 1609 998 Baronum
1645 948 1666 994 a

454 1023 687 1122 parliamento
714 1022 884 1120 predicto,
912 1039 991 1121 poet
1019 1037 1158 1122 tempus
1191 1021 1333 1095 licencie
1362 1023 1529 1119 predicte,
1557 1038 1665 1096 cesset

454 1125 530 1242 ejus
546 1123 681 1197 solucio
697 1123 825 1223 viginti
842 1124 1068 1198 denariorum
1085 1149 1147 1221 per
1164 1123 1270 1212 diem,
1284 1121 1463 1196 solucione
1479 1125 1665 1198 radiorum

454 1225 612 1326 ejusdem
642 1224 786 1298 Batonis
815 1241 968 1324 quatuor
992 1224 1131 1298 dierum
1157 1225 1276 1298 eundo
1305 1225 1350 1298 ad
1377 1223 1514 1298 dictum
1540 1225 1666 1325 parlia-

455 1343 617 1400 mentum
645 1343 682 1400 et
704 1324 886 1399 redeundo
911 1325 955 1398 ab
977 1325 1102 1398 eodem
1128 1325 1367 1423 parliamento,
1396 1325 1572 1414 videlicet,
1598 1351 1665 1424 pro

481 1427 616 1501 uolibet
628 1427 686 1501 die
698 1426 827 1526 viginti
845 1427 1018 1517 denarios,
1031 1425 1146 1500 eidem
1160 1425 1288 1499 Baroni
1302 1425 1449 1500 omnino
1460 1442 1638 1501 reservato
1654 1455 1662 1500 ε

456 1454 507 1602 {t
539 1529 568 1602 si
603 1527 677 1627 ipse
710 1530 801 1601 Baro
833 1528 879 1602 de
912 1527 1140 1602 ffavercsham
1173 1527 1220 1600 sit
1254 1552 1345 1600 unus
1378 1525 1520 1602 illorum
1554 1527 1663 1601 trium

455 1630 634 1702 Beronum
651 1626 707 1702 vel
725 1627 882 1726 plurium
898 1629 947 1702 sic
962 1627 1094 1702 electus
1119 1653 1230 1728 usque
1255 1629 1299 1702 ad
1324 1627 1430 1701 finem
1447 1628 1663 1727 parliamenti

454 1745 663 1828 exspectare,
693 1729 791 1829 quod
823 1746 952 1803 extunc
981 1731 1093 1828 capiet
1123 1729 1250 1829 viginti
1283 1728 1446 1803 denarios
1474 1754 1536 1827 per
1568 1730 1663 1804 diem

454 1857 566 1931 usque
598 1831 642 1904 ad
672 1831 779 1904 finem
808 1830 895 1905 dicti
930 1829 1161 1929 parliamenti,
1188 1845 1224 1904 et
1253 1855 1321 1927 pro
1353 1847 1507 1929 quatuor
1539 1829 1662 1904 diebus

454 1933 558 2020 ultra,
576 1931 751 2020 videlicet,
769 1957 835 2030 pro
859 1932 999 2006 duobus
1020 1930 1144 2005 diebus
1164 1931 1201 2004 in
1223 1931 1343 2004 eundo
1358 1931 1403 2006 ad
1426 1932 1520 2007 idem
1537 1931 1662 2028 parlia-

455 2047 615 2106 mentum
640 2048 676 2105 et
701 2057 767 2130 pro
790 2031 932 2106 duobus
956 2031 1083 2106 diebus
1109 2033 1144 2104 in
1171 2032 1354 2106 redeundo
1378 2031 1422 2106 ab
1447 2031 1570 2106 eodem
1594 2033 1662 2105 fine

455 2133 686 2232 parliamenti,
703 2133 880 2221 videlicet,
899 2158 964 2231 pro
983 2131 1142 2232 quolibet
1163 2133 1222 2207 die
1244 2132 1372 2232 viginti
1399 2133 1585 2206 denarios:
1613 2133 1662 2206 Et

454 2249 611 2333 preterea
652 2233 799 2331 predicti
852 2233 973 2334 Major
1011 2250 1047 2308 et
1090 2234 1335 2308 Communitas
1375 2235 1530 2332 predicte
1580 2233 1663 2307 ville

453 2337 617 2410 Dovorre
659 2351 903 2409 concesserunt
937 2359 1002 2432 pro
1043 2361 1079 2408 se
1120 2351 1156 2408 et
1197 2335 1454 2408 successoribus
1494 2333 1566 2407 suis
1600 2359 1661 2432 per

455 2452 632 2535 presentes
665 2435 764 2534 quod
799 2435 967 2535 quociens
1003 2435 1186 2536 continget
1219 2435 1411 2534 predictam
1445 2435 1661 2510 solucionem

454 2537 581 2636 viginti
602 2536 828 2610 denariorum
855 2561 917 2634 per
932 2537 1036 2624 diem,
1053 2553 1133 2634 post
1153 2536 1261 2611 finem
1278 2535 1496 2635 parliamenti
1521 2561 1582 2635 per
1603 2562 1662 2610 sex

454 2638 541 2726 dies,
559 2652 599 2711 ut
617 2637 846 2735 promittitur,
864 2635 1034 2726 solvend’,
1051 2653 1168 2712 aretro
1183 2636 1261 2712 fore
1286 2638 1322 2711 in
1339 2653 1438 2736 parte
1454 2637 1511 2711 vel
1527 2637 1565 2710 in
1584 2652 1662 2711 toto

455 2765 527 2812 non
544 2737 706 2828 solutam,
724 2739 822 2837 quod
839 2755 968 2812 extunc
983 2739 1115 2812 tociens
1131 2737 1219 2812 bene
1236 2737 1336 2812 liceat
1352 2739 1456 2814 dictis
1475 2739 1609 2812 Ma'ori
1626 2754 1662 2812 et

455 2840 714 2914 Communitati
749 2839 904 2937 predicte
938 2839 1021 2913 ville
1063 2839 1108 2913 de
1149 2839 1378 2914 ffaveresham
1411 2763 1597 2914 heredifius
1625 2856 1662 2914 et

454 2940 709 3014 successoribus
734 2941 807 3014 suis
833 2941 948 3015 dictos
968 2939 1146 3043 Majorem
1176 2957 1212 3014 et
1239 2941 1541 3015 Communitatem
1567 2939 1662 3014 dicte

453 3041 537 3116 ville
554 3043 719 3118 Dovorre
739 3042 884 3115 heredes
900 3057 936 3116 et
955 3066 1168 3116 successores
1187 3067 1269 3114 suos
1290 3067 1352 3140 per
1374 3043 1491 3115 omnia
1515 3039 1608 3115 bona
1625 3055 1661 3114 et

454 3143 575 3218 catalla
591 3169 654 3217 sua
678 3143 715 3216 in
732 3143 1012 3243 quibuscumque
1035 3142 1121 3216 locis
1136 3158 1173 3216 et
1191 3143 1285 3215 villis
1301 3143 1457 3242 quinque
1475 3157 1659 3241 portuum,

454 3260 650 3320 aureorum
664 3243 917 3332 membrorum,
928 3243 1154 3318 inveniantur
1165 3243 1387 3343 distringere,
1400 3260 1436 3317 et
1450 3270 1505 3332 ea,
1520 3245 1660 3318 nomine

456 3343 715 3433 Withernamii,
733 3344 890 3418 detinere
905 3371 1091 3444 quousque
1103 3344 1148 3418 de
1164 3371 1208 3418 eo
1224 3345 1324 3445 quod
1340 3345 1452 3420 eidem
1471 3345 1598 3418 Baroni
1615 3344 1660 3418 de

455 3445 568 3520 vadiis
583 3446 655 3519 suis
677 3445 839 3519 modoet
857 3443 971 3519 forma
994 3447 1158 3544 superius
1178 3445 1310 3535 debito,
1328 3471 1480 3519 unacum
1497 3445 1660 3522 omnibus

454 3546 636 3646 arreragiis
664 3547 761 3618 misis
790 3561 825 3619 et
859 3547 1017 3646 expensis
1050 3572 1091 3620 ea
1123 3549 1303 3620 occasione
1336 3547 1474 3636 habitis,
1509 3547 1661 3645 plenarie

453 3647 586 3721 fuerint
601 3645 843 3722 satisfactum:
872 3647 923 3722 Et
947 3649 991 3722 ad
1020 3672 1144 3722 omnes
1168 3665 1204 3722 et
1233 3649 1387 3748 singulas
1409 3649 1661 3724 convenciones
