3616 5264
456 477 528 550 402
813 449 999 530 DOVER
1026 451 1301 526 CHARTERS

961 651 1160 736 CXIX.

715 829 811 898 Ante
831 826 889 912 vu
912 827 1188 910 septembrias
1209 825 1409 896 Ettzabetla

460 983 551 1060 Hac
578 983 769 1060 indentura
785 1000 935 1061 testatur
986 983 1059 1060 uod
1076 982 1272 1058 Richardus
1296 981 1421 1070 Gibbs,
1439 981 1563 1084 Major
1585 979 1675 1054 ville

458 1101 495 1160 et
578 1101 654 1160 rtus
695 1085 876 1175 Dovorre,
917 1087 976 1160 Ro
1021 1101 1098 1160 rtus
1148 1083 1260 1174 ffinet‚
1304 1081 1506 1156 Willelmus
1556 1079 1672 1168 Calle,

459 1183 519 1258 W·
550 1187 664 1260 elmus
697 1186 901 1288 Tydyman,
931 1211 970 1260 ac
1002 1185 1182 1280 Johannes
1222 1184 1343 1278 Allen,
1378 1183 1541 1258 custodes
1573 1183 1675 1257 dicte

459 1285 553 1379 ville,
573 1287 787 1362 unanimiter
803 1311 943 1362 assensu
959 1301 995 1360 et
1013 1284 1185 1362 con'sensu
1207 1311 1274 1384 pro
1290 1301 1326 1358 et
1342 1285 1380 1358 in
1397 1285 1541 1358 nomine
1557 1283 1671 1356 totius

458 1387 737 1462 Communitatis
760 1387 919 1489 ejusdem
936 1387 1020 1462 ville
1045 1387 1269 1462 tradiderunt
1293 1399 1542 1460 concesserunt
1562 1399 1600 1458 et
1624 1385 1670 1458 ad

459 1485 557 1563 feodi
575 1487 714 1562 firmam
740 1488 953 1563 dimiserunt
968 1484 1191 1563 Christofero
1210 1487 1321 1578 Eliot,
1339 1485 1486 1562 devilia
1503 1500 1541 1559 et
1560 1503 1670 1584 portu

461 1589 631 1688 predicto,
673 1587 815 1678 bocher,
849 1614 956 1662 unam
998 1613 1145 1664 vacuam
1179 1587 1312 1688 peciam
1353 1603 1446 1662 terre
1483 1611 1565 1659 cum
1599 1585 1671 1658 suis

463 1688 695 1790 pertinenciis,
703 1689 887 1804 jacentem
904 1704 939 1762 et
956 1689 1165 1764 existentem
1188 1687 1282 1762 infre
1298 1687 1516 1762 Libertatem
1532 1685 1618 1761 ville
1633 1701 1671 1759 et

463 1805 586 1890 portus
615 1790 764 1890 predicti
797 1791 835 1864 in
870 1790 1041 1864 Morrens
1074 1790 1220 1879 Warde,
1247 1789 1340 1863 inter
1367 1805 1499 1864 terram
1524 1787 1671 1862 domine

464 1889 596 1991 regine,
622 1907 781 1966 vocatam
807 1893 844 1963 A
861 1889 1069 1981 Millhouse,
1095 1891 1205 1966 modo
1230 1889 1266 1963 in
1292 1889 1523 1988 occupacione
1547 1887 1670 1982 jacobi

463 1991 598 2065 Smithe
631 2015 757 2066 versus
798 1991 1019 2080 northwest3
1062 2007 1099 2065 et
1140 2005 1384 2066 tenementum
1417 2005 1585 2064 vocatum
1619 1989 1676 2060 Le

463 2089 711 2165 Allmeshouse
739 2117 863 2168 versus
891 2092 1098 2180 southeast3
1134 2108 1170 2165 et
1198 2091 1348 2192 Regiam
1375 2105 1522 2165 stratam
1552 2115 1675 2162 versus

464 2192 665 2279 northeast3
699 2207 736 2265 et
764 2216 989 2267 communem
1019 2191 1172 2266 vinelarn
1199 2217 1322 2266 versus
1347 2191 1565 2279 southwest;
1601 2215 1675 2289 qua

464 2292 610 2393 quidem
627 2291 726 2392 pecia
738 2307 830 2366 terre
853 2293 1011 2367 continet
1028 2293 1065 2367 in
1084 2291 1309 2394 longitudine
1325 2293 1422 2394 rotvj.
1441 2293 1555 2391 pedes,
1580 2305 1618 2364 et
1635 2291 1675 2364 in

464 2391 651 2468 latitudine
674 2393 718 2467 ad
741 2409 876 2492 partem
901 2393 1132 2468 *eborealem
1158 2393 1381 2569 xvijpedes,
1403 2408 1440 2466 et
1465 2391 1509 2466 ad
1535 2407 1676 2490 partem

466 2493 651 2567 australem
676 2492 738 2594 vij.
757 2495 886 2594 pedes:
914 2492 1063 2569 habend’
1080 2510 1117 2569 et
1141 2510 1245 2569 tenen
1274 2494 1283 2524 ’
1309 2492 1505 2594 predictam
1527 2517 1675 2566 vacuam

466 2593 598 2693 peciam
616 2610 707 2668 terre
724 2618 807 2668 curn
823 2593 896 2668 suis
918 2595 1145 2694 pertinenciis
1160 2591 1298 2694 prefato
1315 2590 1539 2668 Christofero
1560 2591 1675 2682 Eliot,

466 2693 654 2770 heredibus
674 2710 709 2767 et
726 2695 907 2795 assignatis
926 2695 1011 2788 suis,
1028 2712 1064 2770 et
1088 2697 1133 2772 ad
1150 2722 1254 2772 usum
1277 2696 1387 2794 ipsius
1404 2691 1617 2770 Christoferi
1637 2710 1677 2766 et

465 2795 636 2870 heredum
651 2811 687 2868 et
704 2795 961 2896 assignatorum
979 2821 1128 2872 suorum
1146 2821 1212 2896 pro
1228 2797 1382 2870 termino
1399 2795 1470 2898 xxj.
1485 2819 1675 2882 annorum,

466 2911 502 2969 et
549 2893 696 2970 ulterius
737 2897 782 2969 de
832 2896 902 2998 xxj.
945 2921 1120 2970 annorum
1166 2897 1203 2972 in
1244 2895 1315 2998 xxj.
1358 2921 1543 2984 annorum,
1588 2910 1678 2969 tunc

467 2995 537 3098 xxj.
581 2997 815 3096 sequentium,
857 3021 970 3096 usque
1020 2997 1057 3072 in
1098 2997 1204 3070 finem
1256 2998 1398 3071 termini
1440 2999 1486 3074 de
1517 2997 1674 3071 lrorxxix.

467 3121 643 3171 annorum
670 3097 915 3195 proximorum
944 3097 1166 3197 sequentium
1193 3114 1274 3197 post
1299 3099 1423 3172 datum
1457 3097 1678 3195 presentium

467 3197 619 3297 plenarie
635 3197 834 3295 complend’
851 3226 859 3271 :
878 3214 914 3270 et
930 3195 1078 3272 faciend’
1096 3198 1179 3273 inde
1191 3198 1378 3273 servicium
1395 3197 1539 3272 domine
1556 3213 1680 3271 nostre

468 3297 602 3398 Regine
618 3313 654 3370 et
671 3297 928 3371 successoribus
943 3298 1015 3372 suis
1031 3299 1222 3374 secundum
1235 3299 1527 3374 consuetudinem
1537 3297 1624 3373 ville
1640 3315 1680 3370 et

467 3414 591 3497 portus
620 3397 769 3495 predicti
794 3425 875 3472 cum
900 3399 1088 3474 acciderit:
1126 3415 1162 3473 et
1185 3399 1356 3475 reddend’
1386 3399 1469 3474 inde
1492 3398 1678 3473 annuatim

469 3497 603 3599 Majori
632 3497 725 3572 dicte
749 3498 833 3574 ville
867 3500 930 3598 qui
958 3525 1025 3600 pro
1053 3516 1214 3600 tempore
1243 3499 1375 3575 fuerint
1402 3517 1440 3574 et
1469 3499 1680 3574 custodibus

468 3599 627 3700 ejusdem
657 3599 693 3671 in
731 3597 824 3674 festo
854 3600 1124 3700 Assumpcionis
1152 3601 1252 3675 beate
1279 3601 1396 3674 Marie
1424 3599 1595 3700 Virginis,
1624 3625 1676 3673 vs.

468 3699 590 3798 legalis
619 3715 760 3772 monete
789 3700 948 3802 Anglie:
988 3719 1024 3776 et
1053 3701 1082 3776 si
1110 3701 1293 3803 contingat
1321 3701 1459 3775 dictum
1492 3699 1681 3774 annualem

469 3799 650 3873 redditum
680 3799 724 3872 de
756 3825 810 3876 vs.
846 3827 866 3874 a
898 3818 995 3876 retro
1024 3799 1100 3876 fore
1130 3805 1223 3876 ultra
1251 3803 1444 3876 terminum
1477 3801 1680 3900 predictum

468 3923 531 3998 per
546 3897 632 3998 xiiij.
651 3898 725 3972 dies
741 3898 936 3976 insolutum
949 3902 986 3976 in
1004 3919 1102 4002 parte
1119 3905 1176 3977 vel
1193 3905 1230 3977 in
1240 3919 1331 3994 toto,
1348 3919 1436 3977 tunc
1452 3901 1592 3977 licitum
1608 3901 1681 3975 crit

471 3999 603 4100 Majori
637 4013 674 4070 et
707 3999 927 4076 Custodibus
960 4005 1023 4104 qui
1056 4020 1143 4078 tunc
1184 4028 1251 4103 pro
1285 4020 1445 4102 tempore
1478 4000 1610 4077 fuerint
1640 4002 1678 4074 in

470 4101 663 4198 predictam
688 4100 822 4199 peciam
847 4117 941 4176 terre
968 4129 1050 4178 cum
1074 4103 1148 4178 suis
1173 4104 1407 4203 pertinenciis,
1434 4103 1479 4178 ad
1530 4127 1681 4176 norum-

470 4225 622 4300 cumque
647 4223 773 4276 manus
801 4203 970 4294 evenerit,
987 4206 1157 4279 reintrare
1181 4223 1218 4280 et
1243 4206 1384 4304 pacifice
1409 4129 1586 4304 possidere
1610 4201 1681 4276 sibi
