<?xml version="1.0" encoding="UTF-8"?>
<!DOCTYPE html PUBLIC "-//W3C//DTD XHTML 1.0 Transitional//EN"
    "http://www.w3.org/TR/xhtml1/DTD/xhtml1-transitional.dtd">
<html xmlns="http://www.w3.org/1999/xhtml" xml:lang="en" lang="en">
 <head>
  <title>
</title>
<meta http-equiv="Content-Type" content="text/html;charset=utf-8" />
  <meta name='ocr-system' content='tesseract 3.04.00' />
  <meta name='ocr-capabilities' content='ocr_page ocr_carea ocr_par ocr_line ocrx_word'/>
</head>
<body>
  <div class='ocr_page' id='page_1' title='image "./doverchartersan00statgoog_0043.png"; bbox 0 0 3744 5296; ppageno 0'>
   <div class='ocr_carea' id='block_1_1' title="bbox 802 457 1280 533">
    <p class='ocr_par' dir='ltr' id='par_1_1' title="bbox 802 457 1280 533">
     <span class='ocr_line' id='line_1_1' title="bbox 802 457 1280 533; baseline 0.004 -1"><span class='ocrx_word' id='word_1_1' title='bbox 802 457 979 532; x_wconf 90' lang='lat' dir='ltr'><strong>DOVER</strong></span> <span class='ocrx_word' id='word_1_2' title='bbox 1005 458 1280 533; x_wconf 87' lang='lat' dir='ltr'>CHARTERS</span> 
     </span>
    </p>
   </div>
   <div class='ocr_carea' id='block_1_2' title="bbox 844 662 1229 916">
    <p class='ocr_par' dir='ltr' id='par_1_2' title="bbox 844 662 1229 916">
     <span class='ocr_line' id='line_1_2' title="bbox 1020 662 1074 745; baseline 0.074 -4"><span class='ocrx_word' id='word_1_3' title='bbox 1020 662 1074 745; x_wconf 89' lang='lat' dir='ltr'>V.</span> 
     </span>
     <span class='ocr_line' id='line_1_3' title="bbox 844 835 1229 916; baseline 0.008 -16"><span class='ocrx_word' id='word_1_4' title='bbox 844 835 950 901; x_wconf 79' lang='lat' dir='ltr'>Anno</span> <span class='ocrx_word' id='word_1_5' title='bbox 969 849 999 916; x_wconf 88' lang='lat'>2,</span> <span class='ocrx_word' id='word_1_6' title='bbox 1023 835 1179 904; x_wconf 80' lang='lat' dir='ltr'>Edward</span> <span class='ocrx_word' id='word_1_7' title='bbox 1202 835 1229 903; x_wconf 89' lang='lat'>1.</span> 
     </span>
    </p>
   </div>
   <div class='ocr_carea' id='block_1_3' title="bbox 436 983 1647 4414">
    <p class='ocr_par' dir='ltr' id='par_1_3' title="bbox 437 983 1647 3919">
     <span class='ocr_line' id='line_1_4' title="bbox 441 983 1646 1090; baseline 0.001 -33"><span class='ocrx_word' id='word_1_8' title='bbox 441 983 588 1059; x_wconf 77' lang='lat' dir='ltr'>Scrnur</span> <span class='ocrx_word' id='word_1_9' title='bbox 605 1004 784 1086; x_wconf 81' lang='lat' dir='ltr'>presentes</span> <span class='ocrx_word' id='word_1_10' title='bbox 799 1006 835 1063; x_wconf 88' lang='lat' dir='ltr'>et</span> <span class='ocrx_word' id='word_1_11' title='bbox 852 987 965 1064; x_wconf 88' lang='lat' dir='ltr'>futuri</span> <span class='ocrx_word' id='word_1_12' title='bbox 982 991 1079 1088; x_wconf 90' lang='lat' dir='ltr'>quod</span> <span class='ocrx_word' id='word_1_13' title='bbox 1096 1015 1166 1090; x_wconf 89' lang='lat' dir='ltr'>ego</span> <span class='ocrx_word' id='word_1_14' title='bbox 1182 989 1298 1063; x_wconf 86' lang='lat' dir='ltr'>Alicia</span> <span class='ocrx_word' id='word_1_15' title='bbox 1313 989 1384 1064; x_wconf 84' lang='lat' dir='ltr'>filia</span> <span class='ocrx_word' id='word_1_16' title='bbox 1397 988 1579 1063; x_wconf 84' lang='lat' dir='ltr'>Benedicti</span> <span class='ocrx_word' id='word_1_17' title='bbox 1593 987 1646 1058; x_wconf 90' lang='lat' dir='ltr'>Le</span> 
     </span>
     <span class='ocr_line' id='line_1_5' title="bbox 443 1085 1645 1192; baseline 0.004 -36"><span class='ocrx_word' id='word_1_18' title='bbox 443 1085 553 1160; x_wconf 89' lang='lat' dir='ltr'>Riche</span> <span class='ocrx_word' id='word_1_19' title='bbox 568 1088 613 1162; x_wconf 89' lang='lat' dir='ltr'>de</span> <span class='ocrx_word' id='word_1_20' title='bbox 638 1091 797 1166; x_wconf 91' lang='lat' dir='ltr'>Dovoria</span> <span class='ocrx_word' id='word_1_21' title='bbox 822 1093 859 1163; x_wconf 93' lang='lat' dir='ltr'>in</span> <span class='ocrx_word' id='word_1_22' title='bbox 886 1090 975 1192; x_wconf 87' lang='lat' dir='ltr'>legia</span> <span class='ocrx_word' id='word_1_23' title='bbox 1002 1092 1173 1166; x_wconf 84' lang='lat' dir='ltr'>viduitate</span> <span class='ocrx_word' id='word_1_24' title='bbox 1200 1111 1236 1166; x_wconf 88' lang='lat' dir='ltr'>et</span> <span class='ocrx_word' id='word_1_25' title='bbox 1260 1107 1433 1190; x_wconf 79' lang='lat' dir='ltr'>potestate</span> <span class='ocrx_word' id='word_1_26' title='bbox 1461 1116 1538 1164; x_wconf 89' lang='lat' dir='ltr'>mea</span> <span class='ocrx_word' id='word_1_27' title='bbox 1562 1089 1645 1164; x_wconf 89' lang='lat' dir='ltr'>dedi</span> 
     </span>
     <span class='ocr_line' id='line_1_6' title="bbox 442 1189 1646 1290; baseline 0.003 -32"><span class='ocrx_word' id='word_1_28' title='bbox 442 1189 594 1262; x_wconf 83' lang='lat' dir='ltr'>concessi</span> <span class='ocrx_word' id='word_1_29' title='bbox 612 1208 648 1265; x_wconf 92' lang='lat' dir='ltr'>et</span> <span class='ocrx_word' id='word_1_30' title='bbox 665 1193 816 1290; x_wconf 88' lang='lat' dir='ltr'>presenti</span> <span class='ocrx_word' id='word_1_31' title='bbox 835 1209 929 1266; x_wconf 89' lang='lat' dir='ltr'>carta</span> <span class='ocrx_word' id='word_1_32' title='bbox 954 1218 1030 1266; x_wconf 88' lang='lat' dir='ltr'>mea</span> <span class='ocrx_word' id='word_1_33' title='bbox 1046 1193 1253 1267; x_wconf 88' lang='lat' dir='ltr'>confirmavi</span> <span class='ocrx_word' id='word_1_34' title='bbox 1273 1192 1458 1268; x_wconf 89' lang='lat' dir='ltr'>Willelmo</span> <span class='ocrx_word' id='word_1_35' title='bbox 1482 1193 1528 1265; x_wconf 90' lang='lat' dir='ltr'>de</span> <span class='ocrx_word' id='word_1_36' title='bbox 1550 1190 1646 1263; x_wconf 87' lang='lat' dir='ltr'>Aula</span> 
     </span>
     <span class='ocr_line' id='line_1_7' title="bbox 445 1288 1646 1393; baseline 0.001 -31"><span class='ocrx_word' id='word_1_37' title='bbox 445 1288 606 1363; x_wconf 90' lang='lat' dir='ltr'>Dovorie</span> <span class='ocrx_word' id='word_1_38' title='bbox 649 1310 803 1393; x_wconf 87' lang='lat' dir='ltr'>quatuor</span> <span class='ocrx_word' id='word_1_39' title='bbox 848 1295 1011 1368; x_wconf 88' lang='lat' dir='ltr'>denarios</span> <span class='ocrx_word' id='word_1_40' title='bbox 1049 1295 1159 1368; x_wconf 89' lang='lat' dir='ltr'>annui</span> <span class='ocrx_word' id='word_1_41' title='bbox 1192 1294 1354 1370; x_wconf 91' lang='lat' dir='ltr'>redditus</span> <span class='ocrx_word' id='word_1_42' title='bbox 1393 1318 1474 1366; x_wconf 88' lang='lat' dir='ltr'>cum</span> <span class='ocrx_word' id='word_1_43' title='bbox 1508 1291 1646 1366; x_wconf 89' lang='lat' dir='ltr'>releviis</span> 
     </span>
     <span class='ocr_line' id='line_1_8' title="bbox 441 1390 1646 1494; baseline 0.002 -33"><span class='ocrx_word' id='word_1_44' title='bbox 441 1390 609 1465; x_wconf 82' lang='lat' dir='ltr'>eschaetis</span> <span class='ocrx_word' id='word_1_45' title='bbox 625 1396 750 1469; x_wconf 82' lang='lat' dir='ltr'>exinde</span> <span class='ocrx_word' id='word_1_46' title='bbox 767 1395 1057 1492; x_wconf 83' lang='lat' dir='ltr'>provenientibus</span> <span class='ocrx_word' id='word_1_47' title='bbox 1073 1413 1108 1469; x_wconf 89' lang='lat' dir='ltr'>et</span> <span class='ocrx_word' id='word_1_48' title='bbox 1130 1395 1295 1470; x_wconf 89' lang='lat' dir='ltr'>omnibus</span> <span class='ocrx_word' id='word_1_49' title='bbox 1319 1395 1396 1468; x_wconf 91' lang='lat' dir='ltr'>aliis</span> <span class='ocrx_word' id='word_1_50' title='bbox 1421 1393 1646 1494; x_wconf 86' lang='lat' dir='ltr'>pertinenciis</span> 
     </span>
     <span class='ocr_line' id='line_1_9' title="bbox 439 1491 1646 1592; baseline 0.001 -29"><span class='ocrx_word' id='word_1_51' title='bbox 439 1491 523 1582; x_wconf 89' lang='lat' dir='ltr'>suis,</span> <span class='ocrx_word' id='word_1_52' title='bbox 540 1517 631 1592; x_wconf 90' lang='lat' dir='ltr'>quos</span> <span class='ocrx_word' id='word_1_53' title='bbox 648 1497 754 1570; x_wconf 91' lang='lat' dir='ltr'>michi</span> <span class='ocrx_word' id='word_1_54' title='bbox 767 1498 947 1570; x_wconf 82' lang='lat' dir='ltr'>annuatim</span> <span class='ocrx_word' id='word_1_55' title='bbox 964 1496 1111 1571; x_wconf 88' lang='lat' dir='ltr'>reddere</span> <span class='ocrx_word' id='word_1_56' title='bbox 1135 1497 1293 1570; x_wconf 91' lang='lat' dir='ltr'>solebant</span> <span class='ocrx_word' id='word_1_57' title='bbox 1310 1497 1454 1571; x_wconf 87' lang='lat' dir='ltr'>heredes</span> <span class='ocrx_word' id='word_1_58' title='bbox 1472 1493 1646 1581; x_wconf 89' lang='lat' dir='ltr'>Matildis,</span> 
     </span>
     <span class='ocr_line' id='line_1_10' title="bbox 440 1595 1645 1690; baseline 0.002 -25"><span class='ocrx_word' id='word_1_59' title='bbox 440 1595 622 1690; x_wconf 88' lang='lat' dir='ltr'>quondam</span> <span class='ocrx_word' id='word_1_60' title='bbox 649 1596 769 1669; x_wconf 87' lang='lat' dir='ltr'>uxoris</span> <span class='ocrx_word' id='word_1_61' title='bbox 794 1598 930 1670; x_wconf 92' lang='lat' dir='ltr'>domini</span> <span class='ocrx_word' id='word_1_62' title='bbox 954 1597 1052 1670; x_wconf 89' lang='lat' dir='ltr'>Petri</span> <span class='ocrx_word' id='word_1_63' title='bbox 1082 1600 1127 1673; x_wconf 94' lang='lat' dir='ltr'>de</span> <span class='ocrx_word' id='word_1_64' title='bbox 1149 1599 1289 1670; x_wconf 92' lang='lat' dir='ltr'>Burton</span> <span class='ocrx_word' id='word_1_65' title='bbox 1316 1598 1449 1688; x_wconf 81' lang='lat' dir='ltr'>militis,</span> <span class='ocrx_word' id='word_1_66' title='bbox 1480 1595 1645 1670; x_wconf 86' lang='lat' dir='ltr'>videlieet</span> 
     </span>
     <span class='ocr_line' id='line_1_11' title="bbox 441 1692 1646 1793; baseline 0.002 -27"><span class='ocrx_word' id='word_1_67' title='bbox 441 1693 485 1766; x_wconf 87' lang='lat' dir='ltr'>ad</span> <span class='ocrx_word' id='word_1_68' title='bbox 503 1692 633 1768; x_wconf 87' lang='lat' dir='ltr'>festum</span> <span class='ocrx_word' id='word_1_69' title='bbox 650 1697 767 1770; x_wconf 86' lang='lat' dir='ltr'>Sancti</span> <span class='ocrx_word' id='word_1_70' title='bbox 794 1698 991 1786; x_wconf 84' lang='lat' dir='ltr'>Michaelis,</span> <span class='ocrx_word' id='word_1_71' title='bbox 1010 1700 1056 1773; x_wconf 89' lang='lat' dir='ltr'>de</span> <span class='ocrx_word' id='word_1_72' title='bbox 1080 1698 1228 1773; x_wconf 90' lang='lat' dir='ltr'>dimidia</span> <span class='ocrx_word' id='word_1_73' title='bbox 1253 1724 1331 1773; x_wconf 84' lang='lat' dir='ltr'>acra</span> <span class='ocrx_word' id='word_1_74' title='bbox 1347 1715 1440 1772; x_wconf 89' lang='lat' dir='ltr'>terre</span> <span class='ocrx_word' id='word_1_75' title='bbox 1467 1723 1547 1770; x_wconf 91' lang='lat' dir='ltr'>cum</span> <span class='ocrx_word' id='word_1_76' title='bbox 1565 1721 1646 1793; x_wconf 90' lang='lat' dir='ltr'>per-</span> 
     </span>
     <span class='ocr_line' id='line_1_12' title="bbox 441 1795 1644 1901; baseline 0.002 -33"><span class='ocrx_word' id='word_1_77' title='bbox 441 1795 602 1868; x_wconf 91' lang='lat' dir='ltr'>tinenciis</span> <span class='ocrx_word' id='word_1_78' title='bbox 620 1821 689 1895; x_wconf 90' lang='lat' dir='ltr'>que</span> <span class='ocrx_word' id='word_1_79' title='bbox 701 1800 795 1899; x_wconf 89' lang='lat' dir='ltr'>jacet</span> <span class='ocrx_word' id='word_1_80' title='bbox 812 1799 848 1870; x_wconf 93' lang='lat' dir='ltr'>in</span> <span class='ocrx_word' id='word_1_81' title='bbox 866 1817 989 1874; x_wconf 90' lang='lat' dir='ltr'>tenura</span> <span class='ocrx_word' id='word_1_82' title='bbox 1005 1799 1050 1873; x_wconf 91' lang='lat' dir='ltr'>de</span> <span class='ocrx_word' id='word_1_83' title='bbox 1067 1800 1238 1873; x_wconf 81' lang='lat' dir='ltr'>Cherlton</span> <span class='ocrx_word' id='word_1_84' title='bbox 1251 1800 1356 1901; x_wconf 85' lang='lat' dir='ltr'>juxta</span> <span class='ocrx_word' id='word_1_85' title='bbox 1375 1799 1520 1900; x_wconf 87' lang='lat' dir='ltr'>Regiam</span> <span class='ocrx_word' id='word_1_86' title='bbox 1538 1799 1644 1885; x_wconf 88' lang='lat' dir='ltr'>viam,</span> 
     </span>
     <span class='ocr_line' id='line_1_13' title="bbox 441 1896 1641 2000; baseline 0.005 -32"><span class='ocrx_word' id='word_1_87' title='bbox 441 1920 512 1995; x_wconf 92' lang='lat' dir='ltr'>que</span> <span class='ocrx_word' id='word_1_88' title='bbox 540 1896 639 1970; x_wconf 93' lang='lat' dir='ltr'>ducit</span> <span class='ocrx_word' id='word_1_89' title='bbox 665 1898 710 1972; x_wconf 90' lang='lat' dir='ltr'>de</span> <span class='ocrx_word' id='word_1_90' title='bbox 736 1899 894 1998; x_wconf 86' lang='lat' dir='ltr'>prioratu</span> <span class='ocrx_word' id='word_1_91' title='bbox 922 1902 966 1975; x_wconf 91' lang='lat' dir='ltr'>de</span> <span class='ocrx_word' id='word_1_92' title='bbox 994 1901 1153 1975; x_wconf 88' lang='lat' dir='ltr'>Dovoria</span> <span class='ocrx_word' id='word_1_93' title='bbox 1183 1903 1363 2000; x_wconf 87' lang='lat' dir='ltr'>usquead</span> <span class='ocrx_word' id='word_1_94' title='bbox 1390 1899 1641 1998; x_wconf 84' lang='lat' dir='ltr'>Stapingdune.</span> 
     </span>
     <span class='ocr_line' id='line_1_14' title="bbox 441 1997 1645 2099; baseline 0.002 -31"><span class='ocrx_word' id='word_1_95' title='bbox 441 1997 603 2071; x_wconf 89' lang='lat' dir='ltr'>Tenend&#39;</span> <span class='ocrx_word' id='word_1_96' title='bbox 638 2015 674 2072; x_wconf 89' lang='lat' dir='ltr'>ct</span> <span class='ocrx_word' id='word_1_97' title='bbox 702 2000 848 2075; x_wconf 86' lang='lat' dir='ltr'>habend’</span> <span class='ocrx_word' id='word_1_98' title='bbox 883 2000 948 2074; x_wconf 89' lang='lat' dir='ltr'>sibi</span> <span class='ocrx_word' id='word_1_99' title='bbox 979 2017 1015 2074; x_wconf 92' lang='lat' dir='ltr'>et</span> <span class='ocrx_word' id='word_1_100' title='bbox 1039 2000 1224 2075; x_wconf 88' lang='lat' dir='ltr'>heredibus</span> <span class='ocrx_word' id='word_1_101' title='bbox 1253 2003 1324 2074; x_wconf 91' lang='lat' dir='ltr'>suis</span> <span class='ocrx_word' id='word_1_102' title='bbox 1361 2019 1397 2074; x_wconf 93' lang='lat' dir='ltr'>et</span> <span class='ocrx_word' id='word_1_103' title='bbox 1436 2000 1645 2099; x_wconf 89' lang='lat' dir='ltr'>cuicumque</span> 
     </span>
     <span class='ocr_line' id='line_1_15' title="bbox 439 2098 1645 2202; baseline 0.001 -31"><span class='ocrx_word' id='word_1_104' title='bbox 439 2124 500 2171; x_wconf 87' lang='lat' dir='ltr'>scu</span> <span class='ocrx_word' id='word_1_105' title='bbox 517 2098 801 2201; x_wconf 87' lang='lat' dir='ltr'>quibuscumque</span> <span class='ocrx_word' id='word_1_106' title='bbox 817 2103 901 2177; x_wconf 88' lang='lat' dir='ltr'>dare</span> <span class='ocrx_word' id='word_1_107' title='bbox 918 2102 1070 2176; x_wconf 88' lang='lat' dir='ltr'>vendere</span> <span class='ocrx_word' id='word_1_108' title='bbox 1087 2101 1143 2176; x_wconf 90' lang='lat' dir='ltr'>vel</span> <span class='ocrx_word' id='word_1_109' title='bbox 1160 2104 1334 2202; x_wconf 87' lang='lat' dir='ltr'>assignare</span> <span class='ocrx_word' id='word_1_110' title='bbox 1351 2102 1518 2192; x_wconf 87' lang='lat' dir='ltr'>voluerit,</span> <span class='ocrx_word' id='word_1_111' title='bbox 1536 2100 1645 2174; x_wconf 79' lang='lat' dir='ltr'>libere</span> 
     </span>
     <span class='ocr_line' id='line_1_16' title="bbox 439 2199 1645 2306; baseline 0.002 -34"><span class='ocrx_word' id='word_1_112' title='bbox 439 2199 558 2299; x_wconf 89' lang='lat' dir='ltr'>quiete</span> <span class='ocrx_word' id='word_1_113' title='bbox 575 2201 663 2275; x_wconf 88' lang='lat' dir='ltr'>bene</span> <span class='ocrx_word' id='word_1_114' title='bbox 679 2218 715 2275; x_wconf 89' lang='lat' dir='ltr'>et</span> <span class='ocrx_word' id='word_1_115' title='bbox 733 2204 768 2275; x_wconf 92' lang='lat' dir='ltr'>in</span> <span class='ocrx_word' id='word_1_116' title='bbox 786 2229 868 2301; x_wconf 89' lang='lat' dir='ltr'>pace</span> <span class='ocrx_word' id='word_1_117' title='bbox 879 2204 961 2306; x_wconf 90' lang='lat' dir='ltr'>jure</span> <span class='ocrx_word' id='word_1_118' title='bbox 978 2204 1190 2279; x_wconf 89' lang='lat' dir='ltr'>hereditario</span> <span class='ocrx_word' id='word_1_119' title='bbox 1207 2205 1466 2302; x_wconf 88' lang='lat' dir='ltr'>inperpetuum,</span> <span class='ocrx_word' id='word_1_120' title='bbox 1484 2201 1645 2276; x_wconf 87' lang='lat' dir='ltr'>ffaciend&#39;</span> 
     </span>
     <span class='ocr_line' id='line_1_17' title="bbox 441 2301 1644 2379; baseline 0.002 -7"><span class='ocrx_word' id='word_1_121' title='bbox 441 2301 523 2375; x_wconf 86' lang='lat' dir='ltr'>inde</span> <span class='ocrx_word' id='word_1_122' title='bbox 540 2305 721 2377; x_wconf 88' lang='lat' dir='ltr'>annuatim</span> <span class='ocrx_word' id='word_1_123' title='bbox 739 2305 845 2378; x_wconf 91' lang='lat' dir='ltr'>michi</span> <span class='ocrx_word' id='word_1_124' title='bbox 863 2321 898 2379; x_wconf 92' lang='lat' dir='ltr'>et</span> <span class='ocrx_word' id='word_1_125' title='bbox 915 2305 1102 2378; x_wconf 89' lang='lat' dir='ltr'>heredibus</span> <span class='ocrx_word' id='word_1_126' title='bbox 1119 2306 1206 2379; x_wconf 89' lang='lat' dir='ltr'>meis</span> <span class='ocrx_word' id='word_1_127' title='bbox 1222 2306 1410 2378; x_wconf 85' lang='lat' dir='ltr'>servicium</span> <span class='ocrx_word' id='word_1_128' title='bbox 1435 2303 1540 2377; x_wconf 89' lang='lat' dir='ltr'>unius</span> <span class='ocrx_word' id='word_1_129' title='bbox 1557 2302 1644 2376; x_wconf 88' lang='lat' dir='ltr'>clavi</span> 
     </span>
     <span class='ocr_line' id='line_1_18' title="bbox 439 2403 1646 2503; baseline 0.002 -29"><span class='ocrx_word' id='word_1_130' title='bbox 439 2403 605 2502; x_wconf 86' lang='lat' dir='ltr'>gariofilli</span> <span class='ocrx_word' id='word_1_131' title='bbox 622 2405 667 2478; x_wconf 79' lang='lat' dir='ltr'>ad</span> <span class='ocrx_word' id='word_1_132' title='bbox 684 2403 814 2479; x_wconf 88' lang='lat' dir='ltr'>festum</span> <span class='ocrx_word' id='word_1_133' title='bbox 832 2407 1040 2480; x_wconf 78' lang='lat' dir='ltr'>Natiuitatis</span> <span class='ocrx_word' id='word_1_134' title='bbox 1059 2407 1174 2480; x_wconf 87' lang='lat' dir='ltr'>Sancti</span> <span class='ocrx_word' id='word_1_135' title='bbox 1199 2407 1371 2499; x_wconf 90' lang='lat' dir='ltr'>Johannis</span> <span class='ocrx_word' id='word_1_136' title='bbox 1397 2405 1554 2503; x_wconf 89' lang='lat' dir='ltr'>Baptiste</span> <span class='ocrx_word' id='word_1_137' title='bbox 1579 2428 1646 2503; x_wconf 92' lang='lat' dir='ltr'>pro</span> 
     </span>
     <span class='ocr_line' id='line_1_19' title="bbox 440 2503 1646 2581; baseline 0.001 -6"><span class='ocrx_word' id='word_1_138' title='bbox 440 2504 605 2577; x_wconf 88' lang='lat' dir='ltr'>omnibus</span> <span class='ocrx_word' id='word_1_139' title='bbox 621 2507 862 2580; x_wconf 88' lang='lat' dir='ltr'>exaccionibus</span> <span class='ocrx_word' id='word_1_140' title='bbox 878 2523 914 2580; x_wconf 91' lang='lat' dir='ltr'>et</span> <span class='ocrx_word' id='word_1_141' title='bbox 936 2507 1070 2580; x_wconf 88' lang='lat' dir='ltr'>casibus</span> <span class='ocrx_word' id='word_1_142' title='bbox 1087 2507 1172 2581; x_wconf 88' lang='lat' dir='ltr'>actis</span> <span class='ocrx_word' id='word_1_143' title='bbox 1196 2507 1241 2580; x_wconf 88' lang='lat' dir='ltr'>ad</span> <span class='ocrx_word' id='word_1_144' title='bbox 1267 2530 1323 2579; x_wconf 89' lang='lat' dir='ltr'>me</span> <span class='ocrx_word' id='word_1_145' title='bbox 1349 2506 1405 2580; x_wconf 89' lang='lat' dir='ltr'>vel</span> <span class='ocrx_word' id='word_1_146' title='bbox 1431 2506 1475 2580; x_wconf 83' lang='lat' dir='ltr'>ad</span> <span class='ocrx_word' id='word_1_147' title='bbox 1501 2503 1646 2579; x_wconf 86' lang='lat' dir='ltr'>heredes</span> 
     </span>
     <span class='ocr_line' id='line_1_20' title="bbox 441 2605 1646 2708; baseline 0.001 -32"><span class='ocrx_word' id='word_1_148' title='bbox 441 2628 539 2677; x_wconf 90' lang='lat' dir='ltr'>meos</span> <span class='ocrx_word' id='word_1_149' title='bbox 556 2607 811 2703; x_wconf 87' lang='lat' dir='ltr'>pertinentibus</span> <span class='ocrx_word' id='word_1_150' title='bbox 827 2607 924 2681; x_wconf 91' lang='lat' dir='ltr'>omni</span> <span class='ocrx_word' id='word_1_151' title='bbox 943 2607 1121 2681; x_wconf 88' lang='lat' dir='ltr'>occasione</span> <span class='ocrx_word' id='word_1_152' title='bbox 1138 2623 1285 2681; x_wconf 90' lang='lat' dir='ltr'>remota.</span> <span class='ocrx_word' id='word_1_153' title='bbox 1336 2607 1386 2680; x_wconf 88' lang='lat' dir='ltr'>Et</span> <span class='ocrx_word' id='word_1_154' title='bbox 1403 2631 1471 2708; x_wconf 85' lang='lat' dir='ltr'>ego</span> <span class='ocrx_word' id='word_1_155' title='bbox 1489 2605 1646 2705; x_wconf 87' lang='lat' dir='ltr'>predicta</span> 
     </span>
     <span class='ocr_line' id='line_1_21' title="bbox 440 2705 1647 2809; baseline 0.002 -33"><span class='ocrx_word' id='word_1_156' title='bbox 440 2705 556 2778; x_wconf 84' lang='lat' dir='ltr'>Alicia</span> <span class='ocrx_word' id='word_1_157' title='bbox 572 2724 607 2779; x_wconf 92' lang='lat' dir='ltr'>et</span> <span class='ocrx_word' id='word_1_158' title='bbox 621 2708 765 2782; x_wconf 88' lang='lat' dir='ltr'>heredes</span> <span class='ocrx_word' id='word_1_159' title='bbox 782 2709 849 2782; x_wconf 89' lang='lat' dir='ltr'>mci</span> <span class='ocrx_word' id='word_1_160' title='bbox 861 2726 897 2783; x_wconf 89' lang='lat' dir='ltr'>et</span> <span class='ocrx_word' id='word_1_161' title='bbox 915 2709 982 2781; x_wconf 90' lang='lat' dir='ltr'>mei</span> <span class='ocrx_word' id='word_1_162' title='bbox 996 2708 1160 2809; x_wconf 85' lang='lat' dir='ltr'>assignati</span> <span class='ocrx_word' id='word_1_163' title='bbox 1174 2707 1478 2783; x_wconf 84' lang='lat' dir='ltr'>warantizabimus</span> <span class='ocrx_word' id='word_1_164' title='bbox 1490 2707 1647 2807; x_wconf 87' lang='lat' dir='ltr'>aquieta·</span> 
     </span>
     <span class='ocr_line' id='line_1_22' title="bbox 440 2806 1646 2908; baseline 0.001 -29"><span class='ocrx_word' id='word_1_165' title='bbox 440 2806 556 2880; x_wconf 89' lang='lat' dir='ltr'>bimus</span> <span class='ocrx_word' id='word_1_166' title='bbox 572 2825 608 2882; x_wconf 91' lang='lat' dir='ltr'>et</span> <span class='ocrx_word' id='word_1_167' title='bbox 625 2808 855 2884; x_wconf 81' lang='lat' dir='ltr'>defendemus</span> <span class='ocrx_word' id='word_1_168' title='bbox 868 2826 985 2883; x_wconf 91' lang='lat' dir='ltr'>toturn</span> <span class='ocrx_word' id='word_1_169' title='bbox 998 2811 1198 2908; x_wconf 86' lang='lat' dir='ltr'>predictum</span> <span class='ocrx_word' id='word_1_170' title='bbox 1215 2809 1395 2883; x_wconf 85' lang='lat' dir='ltr'>redditum</span> <span class='ocrx_word' id='word_1_171' title='bbox 1409 2834 1490 2882; x_wconf 90' lang='lat' dir='ltr'>curn</span> <span class='ocrx_word' id='word_1_172' title='bbox 1507 2806 1646 2882; x_wconf 90' lang='lat' dir='ltr'>releviis</span> 
     </span>
     <span class='ocr_line' id='line_1_23' title="bbox 437 2909 1645 3009; baseline 0.001 -30"><span class='ocrx_word' id='word_1_173' title='bbox 437 2909 605 2982; x_wconf 84' lang='lat' dir='ltr'>eschaetis</span> <span class='ocrx_word' id='word_1_174' title='bbox 620 2911 746 2985; x_wconf 87' lang='lat' dir='ltr'>exinde</span> <span class='ocrx_word' id='word_1_175' title='bbox 772 2909 1060 3009; x_wconf 90' lang='lat' dir='ltr'>provenientibus</span> <span class='ocrx_word' id='word_1_176' title='bbox 1076 2927 1113 2984; x_wconf 89' lang='lat' dir='ltr'>et</span> <span class='ocrx_word' id='word_1_177' title='bbox 1130 2910 1295 2986; x_wconf 90' lang='lat' dir='ltr'>omnibus</span> <span class='ocrx_word' id='word_1_178' title='bbox 1320 2909 1395 2983; x_wconf 84' lang='lat' dir='ltr'>aliis</span> <span class='ocrx_word' id='word_1_179' title='bbox 1420 2909 1645 3009; x_wconf 88' lang='lat' dir='ltr'>pertinenciis</span> 
     </span>
     <span class='ocr_line' id='line_1_24' title="bbox 437 3010 1644 3112; baseline 0.001 -30"><span class='ocrx_word' id='word_1_180' title='bbox 437 3010 509 3082; x_wconf 90' lang='lat' dir='ltr'>suis</span> <span class='ocrx_word' id='word_1_181' title='bbox 522 3012 681 3109; x_wconf 82' lang='lat' dir='ltr'>predicto</span> <span class='ocrx_word' id='word_1_182' title='bbox 696 3011 882 3086; x_wconf 90' lang='lat' dir='ltr'>Willelmo</span> <span class='ocrx_word' id='word_1_183' title='bbox 905 3029 942 3085; x_wconf 90' lang='lat' dir='ltr'>et</span> <span class='ocrx_word' id='word_1_184' title='bbox 971 3013 1159 3086; x_wconf 88' lang='lat' dir='ltr'>heredibus</span> <span class='ocrx_word' id='word_1_185' title='bbox 1183 3013 1256 3085; x_wconf 89' lang='lat' dir='ltr'>suis</span> <span class='ocrx_word' id='word_1_186' title='bbox 1285 3013 1359 3084; x_wconf 89' lang='lat' dir='ltr'>sive</span> <span class='ocrx_word' id='word_1_187' title='bbox 1388 3011 1570 3112; x_wconf 84' lang='lat' dir='ltr'>assignatis</span> <span class='ocrx_word' id='word_1_188' title='bbox 1598 3011 1644 3083; x_wconf 90' lang='lat' dir='ltr'>de</span> 
     </span>
     <span class='ocr_line' id='line_1_25' title="bbox 438 3110 1645 3211; baseline 0 -27"><span class='ocrx_word' id='word_1_189' title='bbox 438 3111 604 3185; x_wconf 88' lang='lat' dir='ltr'>omnibus</span> <span class='ocrx_word' id='word_1_190' title='bbox 637 3113 790 3186; x_wconf 83' lang='lat' dir='ltr'>serviciis</span> <span class='ocrx_word' id='word_1_191' title='bbox 823 3114 959 3188; x_wconf 88' lang='lat' dir='ltr'>dictum</span> <span class='ocrx_word' id='word_1_192' title='bbox 993 3113 1174 3187; x_wconf 88' lang='lat' dir='ltr'>redditum</span> <span class='ocrx_word' id='word_1_193' title='bbox 1205 3110 1494 3211; x_wconf 85' lang='lat' dir='ltr'>contingentibus</span> <span class='ocrx_word' id='word_1_194' title='bbox 1522 3127 1645 3186; x_wconf 85' lang='lat' dir='ltr'>contra</span> 
     </span>
     <span class='ocr_line' id='line_1_26' title="bbox 438 3213 1645 3315; baseline -0.002 -29"><span class='ocrx_word' id='word_1_195' title='bbox 438 3237 561 3286; x_wconf 90' lang='lat' dir='ltr'>omnes</span> <span class='ocrx_word' id='word_1_196' title='bbox 578 3214 738 3288; x_wconf 88' lang='lat' dir='ltr'>homines</span> <span class='ocrx_word' id='word_1_197' title='bbox 755 3231 790 3287; x_wconf 90' lang='lat' dir='ltr'>et</span> <span class='ocrx_word' id='word_1_198' title='bbox 808 3213 956 3288; x_wconf 89' lang='lat' dir='ltr'>feminas</span> <span class='ocrx_word' id='word_1_199' title='bbox 981 3214 1200 3288; x_wconf 86' lang='lat' dir='ltr'>Christianos</span> <span class='ocrx_word' id='word_1_200' title='bbox 1224 3232 1259 3287; x_wconf 93' lang='lat' dir='ltr'>et</span> <span class='ocrx_word' id='word_1_201' title='bbox 1279 3213 1448 3315; x_wconf 86' lang='lat' dir='ltr'>judianos</span> <span class='ocrx_word' id='word_1_202' title='bbox 1475 3238 1537 3310; x_wconf 86' lang='lat' dir='ltr'>per</span> <span class='ocrx_word' id='word_1_203' title='bbox 1565 3237 1645 3310; x_wconf 88' lang='lat' dir='ltr'>pre-</span> 
     </span>
     <span class='ocr_line' id='line_1_27' title="bbox 437 3313 1644 3413; baseline -0.002 -27"><span class='ocrx_word' id='word_1_204' title='bbox 437 3313 574 3386; x_wconf 89' lang='lat' dir='ltr'>dictum</span> <span class='ocrx_word' id='word_1_205' title='bbox 591 3315 778 3387; x_wconf 88' lang='lat' dir='ltr'>servicium</span> <span class='ocrx_word' id='word_1_206' title='bbox 796 3315 1067 3413; x_wconf 87' lang='lat' dir='ltr'>imperpetuum.</span> <span class='ocrx_word' id='word_1_207' title='bbox 1121 3315 1193 3388; x_wconf 92' lang='lat' dir='ltr'>Pro</span> <span class='ocrx_word' id='word_1_208' title='bbox 1219 3317 1282 3388; x_wconf 91' lang='lat' dir='ltr'>hac</span> <span class='ocrx_word' id='word_1_209' title='bbox 1308 3330 1426 3388; x_wconf 83' lang='lat' dir='ltr'>autem</span> <span class='ocrx_word' id='word_1_210' title='bbox 1451 3313 1644 3387; x_wconf 89' lang='lat' dir='ltr'>donatione</span> 
     </span>
     <span class='ocr_line' id='line_1_28' title="bbox 437 3415 1645 3514; baseline 0 -27"><span class='ocrx_word' id='word_1_211' title='bbox 437 3415 659 3488; x_wconf 89' lang='lat' dir='ltr'>concessione</span> <span class='ocrx_word' id='word_1_212' title='bbox 676 3431 711 3488; x_wconf 93' lang='lat' dir='ltr'>et</span> <span class='ocrx_word' id='word_1_213' title='bbox 728 3416 898 3514; x_wconf 89' lang='lat' dir='ltr'>presentis</span> <span class='ocrx_word' id='word_1_214' title='bbox 915 3433 1007 3489; x_wconf 90' lang='lat' dir='ltr'>carte</span> <span class='ocrx_word' id='word_1_215' title='bbox 1025 3441 1102 3490; x_wconf 91' lang='lat' dir='ltr'>mee</span> <span class='ocrx_word' id='word_1_216' title='bbox 1128 3415 1393 3489; x_wconf 84' lang='lat' dir='ltr'>confirmatione</span> <span class='ocrx_word' id='word_1_217' title='bbox 1418 3431 1454 3488; x_wconf 92' lang='lat' dir='ltr'>et</span> <span class='ocrx_word' id='word_1_218' title='bbox 1480 3415 1645 3488; x_wconf 84' lang='lat' dir='ltr'>warantia</span> 
     </span>
     <span class='ocr_line' id='line_1_29' title="bbox 439 3513 1645 3617; baseline 0.001 -31"><span class='ocrx_word' id='word_1_219' title='bbox 439 3539 516 3587; x_wconf 88' lang='lat' dir='ltr'>mea</span> <span class='ocrx_word' id='word_1_220' title='bbox 532 3513 622 3589; x_wconf 89' lang='lat' dir='ltr'>facta</span> <span class='ocrx_word' id='word_1_221' title='bbox 639 3532 675 3588; x_wconf 89' lang='lat' dir='ltr'>et</span> <span class='ocrx_word' id='word_1_222' title='bbox 692 3518 874 3590; x_wconf 90' lang='lat' dir='ltr'>recordata</span> <span class='ocrx_word' id='word_1_223' title='bbox 897 3533 933 3590; x_wconf 90' lang='lat' dir='ltr'>et</span> <span class='ocrx_word' id='word_1_224' title='bbox 957 3517 1076 3617; x_wconf 87' lang='lat' dir='ltr'>sigillo</span> <span class='ocrx_word' id='word_1_225' title='bbox 1102 3543 1183 3591; x_wconf 90' lang='lat' dir='ltr'>meo</span> <span class='ocrx_word' id='word_1_226' title='bbox 1212 3516 1362 3589; x_wconf 85' lang='lat' dir='ltr'>firmiter</span> <span class='ocrx_word' id='word_1_227' title='bbox 1389 3515 1526 3588; x_wconf 89' lang='lat' dir='ltr'>munita</span> <span class='ocrx_word' id='word_1_228' title='bbox 1551 3540 1645 3588; x_wconf 90' lang='lat' dir='ltr'>anno</span> 
     </span>
     <span class='ocr_line' id='line_1_30' title="bbox 437 3615 1644 3718; baseline -0.001 -30"><span class='ocrx_word' id='word_1_229' title='bbox 437 3617 536 3716; x_wconf 84' lang='lat' dir='ltr'>regni</span> <span class='ocrx_word' id='word_1_230' title='bbox 554 3617 648 3716; x_wconf 86' lang='lat' dir='ltr'>regis</span> <span class='ocrx_word' id='word_1_231' title='bbox 664 3617 844 3708; x_wconf 84' lang='lat' dir='ltr'>Edwardi,</span> <span class='ocrx_word' id='word_1_232' title='bbox 860 3618 923 3692; x_wconf 87' lang='lat' dir='ltr'>filii</span> <span class='ocrx_word' id='word_1_233' title='bbox 942 3618 1049 3718; x_wconf 88' lang='lat' dir='ltr'>Regis</span> <span class='ocrx_word' id='word_1_234' title='bbox 1067 3617 1227 3706; x_wconf 88' lang='lat' dir='ltr'>Henrici,</span> <span class='ocrx_word' id='word_1_235' title='bbox 1247 3619 1404 3692; x_wconf 89' lang='lat' dir='ltr'>secundo</span> <span class='ocrx_word' id='word_1_236' title='bbox 1420 3615 1519 3689; x_wconf 86' lang='lat' dir='ltr'>dedit</span> <span class='ocrx_word' id='word_1_237' title='bbox 1537 3615 1644 3688; x_wconf 92' lang='lat' dir='ltr'>michi</span> 
     </span>
     <span class='ocr_line' id='line_1_31' title="bbox 437 3716 1644 3816; baseline 0 -28"><span class='ocrx_word' id='word_1_238' title='bbox 437 3716 617 3816; x_wconf 90' lang='lat' dir='ltr'>predictus</span> <span class='ocrx_word' id='word_1_239' title='bbox 659 3718 865 3794; x_wconf 86' lang='lat' dir='ltr'>Willelmus</span> <span class='ocrx_word' id='word_1_240' title='bbox 906 3723 997 3796; x_wconf 90' lang='lat' dir='ltr'>duos</span> <span class='ocrx_word' id='word_1_241' title='bbox 1039 3719 1171 3792; x_wconf 92' lang='lat' dir='ltr'>solidos</span> <span class='ocrx_word' id='word_1_242' title='bbox 1212 3734 1249 3792; x_wconf 89' lang='lat' dir='ltr'>et</span> <span class='ocrx_word' id='word_1_243' title='bbox 1291 3743 1351 3790; x_wconf 85' lang='lat' dir='ltr'>sex</span> <span class='ocrx_word' id='word_1_244' title='bbox 1393 3716 1555 3790; x_wconf 89' lang='lat' dir='ltr'>denarios</span> <span class='ocrx_word' id='word_1_245' title='bbox 1608 3717 1644 3788; x_wconf 93' lang='lat' dir='ltr'>in</span> 
     </span>
     <span class='ocr_line' id='line_1_32' title="bbox 437 3843 646 3919; baseline 0.005 -27"><span class='ocrx_word' id='word_1_246' title='bbox 437 3843 646 3919; x_wconf 84' lang='lat' dir='ltr'>gersumam.</span> 
     </span>
    </p>

    <p class='ocr_par' dir='ltr' id='par_1_4' title="bbox 436 3916 1644 4414">
     <span class='ocr_line' id='line_1_33' title="bbox 514 3916 1643 4008; baseline -0.004 -15"><span class='ocrx_word' id='word_1_247' title='bbox 514 3919 600 3993; x_wconf 90' lang='lat' dir='ltr'>Hiis</span> <span class='ocrx_word' id='word_1_248' title='bbox 633 3919 794 4008; x_wconf 88' lang='lat' dir='ltr'>testibus,</span> <span class='ocrx_word' id='word_1_249' title='bbox 826 3920 978 3994; x_wconf 90' lang='lat' dir='ltr'>Ricardo</span> <span class='ocrx_word' id='word_1_250' title='bbox 1006 3921 1172 4008; x_wconf 80' lang='lat' dir='ltr'>Archer3</span> <span class='ocrx_word' id='word_1_251' title='bbox 1208 3918 1383 3992; x_wconf 89' lang='lat' dir='ltr'>Nicholao</span> <span class='ocrx_word' id='word_1_252' title='bbox 1412 3933 1448 3991; x_wconf 89' lang='lat' dir='ltr'>ct</span> <span class='ocrx_word' id='word_1_253' title='bbox 1479 3916 1643 4006; x_wconf 89' lang='lat' dir='ltr'>Ricardo,</span> 
     </span>
     <span class='ocr_line' id='line_1_34' title="bbox 438 4018 1642 4120; baseline 0 -29"><span class='ocrx_word' id='word_1_254' title='bbox 438 4019 518 4092; x_wconf 88' lang='lat' dir='ltr'>filiis</span> <span class='ocrx_word' id='word_1_255' title='bbox 534 4021 694 4096; x_wconf 87' lang='lat' dir='ltr'>c&#39;usdem</span> <span class='ocrx_word' id='word_1_256' title='bbox 710 4049 721 4113; x_wconf 89' lang='lat'>;</span> <span class='ocrx_word' id='word_1_257' title='bbox 745 4024 905 4116; x_wconf 87' lang='lat' dir='ltr'>Johanne</span> <span class='ocrx_word' id='word_1_258' title='bbox 919 4022 1075 4120; x_wconf 90' lang='lat' dir='ltr'>Joseph;</span> <span class='ocrx_word' id='word_1_259' title='bbox 1107 4019 1302 4094; x_wconf 91' lang='lat' dir='ltr'>Laurentio</span> <span class='ocrx_word' id='word_1_260' title='bbox 1317 4043 1327 4106; x_wconf 95' lang='lat'>;</span> <span class='ocrx_word' id='word_1_261' title='bbox 1348 4018 1525 4117; x_wconf 90' lang='lat' dir='ltr'>Stephano</span> <span class='ocrx_word' id='word_1_262' title='bbox 1543 4020 1642 4092; x_wconf 90' lang='lat' dir='ltr'>Mar-</span> 
     </span>
     <span class='ocr_line' id='line_1_35' title="bbox 437 4047 1643 4220; baseline 0.001 -28"><span class='ocrx_word' id='word_1_263' title='bbox 437 4121 503 4193; x_wconf 90' lang='lat' dir='ltr'>tini</span> <span class='ocrx_word' id='word_1_264' title='bbox 519 4145 530 4208; x_wconf 89' lang='lat'>;</span> <span class='ocrx_word' id='word_1_265' title='bbox 548 4047 735 4197; x_wconf 62' lang='lat' dir='ltr'>ivillelmo</span> <span class='ocrx_word' id='word_1_266' title='bbox 750 4126 796 4198; x_wconf 91' lang='lat' dir='ltr'>de</span> <span class='ocrx_word' id='word_1_267' title='bbox 812 4123 1037 4197; x_wconf 88' lang='lat' dir='ltr'>Silertestone</span> <span class='ocrx_word' id='word_1_268' title='bbox 1056 4147 1066 4211; x_wconf 93' lang='lat'>;</span> <span class='ocrx_word' id='word_1_269' title='bbox 1085 4123 1192 4195; x_wconf 90' lang='lat' dir='ltr'>Petro</span> <span class='ocrx_word' id='word_1_270' title='bbox 1218 4120 1449 4220; x_wconf 87' lang='lat' dir='ltr'>Carpentario</span> <span class='ocrx_word' id='word_1_271' title='bbox 1465 4120 1510 4194; x_wconf 89' lang='lat' dir='ltr'>de</span> <span class='ocrx_word' id='word_1_272' title='bbox 1526 4119 1643 4194; x_wconf 87' lang='lat' dir='ltr'>Siber-</span> 
     </span>
     <span class='ocr_line' id='line_1_36' title="bbox 436 4221 1644 4324; baseline 0.001 -31"><span class='ocrx_word' id='word_1_273' title='bbox 436 4238 566 4312; x_wconf 78' lang='lat' dir='ltr'>stone3</span> <span class='ocrx_word' id='word_1_274' title='bbox 591 4223 752 4318; x_wconf 85' lang='lat' dir='ltr'>Johanne</span> <span class='ocrx_word' id='word_1_275' title='bbox 781 4226 826 4300; x_wconf 87' lang='lat' dir='ltr'>de</span> <span class='ocrx_word' id='word_1_276' title='bbox 865 4226 1007 4300; x_wconf 87' lang='lat' dir='ltr'>ecclesia</span> <span class='ocrx_word' id='word_1_277' title='bbox 1032 4224 1077 4298; x_wconf 90' lang='lat' dir='ltr'>de</span> <span class='ocrx_word' id='word_1_278' title='bbox 1112 4223 1338 4324; x_wconf 84' lang='lat' dir='ltr'>Hughham3</span> <span class='ocrx_word' id='word_1_279' title='bbox 1379 4221 1563 4296; x_wconf 86' lang='lat' dir='ltr'>Gileberto</span> <span class='ocrx_word' id='word_1_280' title='bbox 1600 4223 1644 4297; x_wconf 90' lang='lat' dir='ltr'>de</span> 
     </span>
     <span class='ocr_line' id='line_1_37' title="bbox 439 4324 977 4414; baseline 0.009 -18"><span class='ocrx_word' id='word_1_281' title='bbox 439 4324 679 4414; x_wconf 80' lang='lat' dir='ltr'>Mekestonc3</span> <span class='ocrx_word' id='word_1_282' title='bbox 698 4344 734 4401; x_wconf 96' lang='lat' dir='ltr'>et</span> <span class='ocrx_word' id='word_1_283' title='bbox 751 4326 874 4400; x_wconf 90' lang='lat' dir='ltr'>multis</span> <span class='ocrx_word' id='word_1_284' title='bbox 891 4325 977 4401; x_wconf 88' lang='lat' dir='ltr'>aliis.</span> 
     </span>
    </p>
   </div>
   <div class='ocr_carea' id='block_1_4' title="bbox 360 4421 638 4512">
    <p class='ocr_par' dir='ltr' id='par_1_5' title="bbox 360 4421 638 4512">
     <span class='ocr_line' id='line_1_38' title="bbox 360 4421 638 4512; baseline -0.007 0"><span class='ocrx_word' id='word_1_285' title='bbox 360 4487 365 4500; x_wconf 81' lang='grc'><em>.</em></span> <span class='ocrx_word' id='word_1_286' title='bbox 437 4421 529 4512; x_wconf 61' lang='lat'><em>[1812</em></span> <span class='ocrx_word' id='word_1_287' title='bbox 542 4427 638 4511; x_wconf 82' lang='lat'><strong>98·4]</strong></span> 
     </span>
    </p>
   </div>
   <div class='ocr_carea' id='block_1_5' title="bbox 0 0 1876 5296">
    <p class='ocr_par' dir='ltr' id='par_1_6' title="bbox 0 0 1876 5296">
     <span class='ocr_line' id='line_1_39' title="bbox 0 0 1876 5296; baseline 0 0"><span class='ocrx_word' id='word_1_288' title='bbox 0 0 1876 5296; x_wconf 95' lang='lat' dir='ltr'> </span> 
     </span>
    </p>
   </div>
  </div>
 </body>
</html>
