3748 5266
446 469 516 542 268
808 465 983 540 DOVER
1010 465 1287 540 CHARTERS

914 663 1182 744 LXXXV.

767 859 848 908 xxx
872 817 1040 922 Augure,
1068 850 1106 921 17
1132 838 1232 905 Edw.
1266 837 1326 904 tv.

443 995 534 1070 Hac
585 997 774 1072 indentura
825 1013 976 1070 testatur
1027 997 1125 1096 quod
1174 996 1353 1091 Johannes
1402 994 1652 1095 Tempylman,

438 1098 618 1192 Johannes
648 1097 800 1186 ffuliare,
830 1099 1009 1172 Robertus
1037 1097 1224 1186 Sinethiot,
1254 1114 1291 1172 et
1321 1095 1516 1170 Nicholaus
1542 1094 1650 1210 ffyne,

441 1199 617 1274 Custodes
642 1198 725 1273 ville
751 1201 926 1290 Dovorre,
954 1199 1118 1273 unanimi
1131 1222 1271 1272 assensu
1292 1213 1327 1271 et
1345 1222 1518 1271 concensu
1535 1197 1652 1270 tocius

441 1299 720 1374 Communitatis
745 1300 903 1416 ejusdem
931 1300 1013 1374 ville
1039 1299 1266 1374 tradiderunt
1287 1315 1533 1372 concesserunt
1553 1299 1650 1372 etad

440 1399 535 1475 feodi
553 1402 692 1476 firmam
709 1401 919 1476 dimiserunt
938 1401 1097 1474 Roberto
1113 1401 1289 1497 Vyncent,
1307 1401 1352 1474 de
1378 1401 1546 1472 Dovorra
1570 1424 1651 1496 pre-

440 1502 547 1591 dicta,
565 1528 671 1576 unam
689 1518 819 1576 terram
836 1527 984 1576 vacuam
995 1501 1172 1618 J'acentem
1195 1499 1287 1574 infra
1303 1500 1501 1574 libertatem
1519 1500 1652 1573 Portus

440 1603 655 1677 Dovorre
646 1629 683 1676 m
722 1603 1006 1704 Wolvyswarde,
1045 1601 1139 1676 inter
1177 1618 1307 1675 terram
1347 1601 1520 1675 Willelmi
1554 1601 1649 1673 Alan

438 1730 561 1777 versus
604 1705 778 1793 northest,
821 1729 1047 1778 communem
1090 1702 1264 1778 venellam
1312 1727 1430 1776 versus
1475 1702 1648 1790 southest,

441 1805 589 1905 Regiam
641 1820 785 1878 stratam
836 1830 956 1879 versus
1006 1804 1212 1893 southwest,
1254 1821 1290 1877 et
1332 1819 1464 1876 terram
1505 1803 1649 1875 Thome

439 1907 574 1980 Gerves
604 1931 726 1978 versus
756 1905 972 1980 northwest:
1013 1904 1161 1978 habend’
1200 1922 1235 1977 et
1275 1904 1414 1978 tenend'
1454 1904 1647 2002 predictam

438 2023 569 2080 terram
611 2032 693 2081 curn
728 2007 799 2080 suis
838 2007 1062 2122 pertinenciis
1100 2003 1239 2105 prefato
1278 2006 1437 2079 Roberto
1471 2005 1647 2102 Vyncent,

437 2107 625 2182 heredibus
654 2122 690 2180 et
719 2107 901 2206 assignatis
929 2109 1001 2181 suis
1033 2108 1321 2206 imperpetuum:
1359 2106 1521 2180 ffaciend’
1564 2106 1647 2179 inde

437 2208 625 2282 servicium
654 2207 791 2282 domini
823 2207 931 2308 Regis
965 2208 1160 2282 secundum
1190 2208 1483 2282 consuetudinem
1570 2223 1647 2280 rtus

438 2309 587 2408 predicti
605 2333 687 2382 cum
705 2309 886 2382 evenerit:
914 2326 949 2383 et
968 2307 1137 2382 reddend’
1156 2309 1238 2383 inde
1255 2309 1436 2382 annuatim
1453 2307 1497 2380 ad
1529 2323 1647 2380 estum

436 2411 646 2484 Natiuitatis
672 2409 788 2483 Sancti
815 2409 987 2504 johannis
1017 2410 1185 2508 Baptista
1215 2409 1348 2510 Majori
1376 2426 1412 2483 et
1430 2407 1647 2484 Custodibus

436 2511 600 2584 Dovorre
627 2510 783 2609 predicte
809 2511 870 2609 qui
898 2535 963 2626 pro
984 2527 1145 2626 tempore
1163 2509 1296 2583 fuerint
1313 2526 1468 2608 quatuor
1484 2509 1647 2583 denarios

435 2611 594 2685 annualis
623 2612 807 2686 redditus:
835 2627 870 2684 et
898 2611 926 2683 si
955 2612 1136 2785 contingat
1163 2612 1302 2686 dictum
1322 2613 1508 2684 annualem
1525 2611 1646 2684 reddi·

435 2730 512 2786 tum
531 2728 686 2822 quatuor
702 2712 927 2786 denariorum
945 2727 1061 2786 aretro
1093 2737 1154 2785 ore
1172 2712 1265 2785 ultra
1287 2709 1420 2785 festum
1446 2711 1645 2810 predictum

435 2839 498 2913 per
523 2811 614 2888 nvcim
639 2813 713 2887 dies
742 2839 813 2887 non
840 2811 1011 2902 solutum,
1037 2828 1166 2887 extunc
1192 2813 1329 2887 licitum
1356 2813 1424 2886 erit
1455 2812 1589 2913 MaJ'ori
1609 2829 1645 2886 et

435 2914 654 2989 Custodibus
670 2932 795 3012 portus
813 2914 963 3012 predicti
980 2915 1043 3013 qui
1067 2940 1133 3013 pro
1158 2931 1317 3013 tempore
1343 2912 1510 2987 fuerint
1502 2940 1540 2985 in
1565 2939 1645 3012 pre·

433 3017 567 3090 dictam
593 3033 723 3089 terram
751 3041 833 3088 cum
861 3015 933 3088 suis
961 3015 1185 3114 pertinenciis
1206 3016 1348 3088 nominc
1367 3014 1645 3088 Communitatis

433 3117 590 3217 ejusdem
609 3117 693 3190 ville
711 3118 879 3190 reintrare
895 3131 932 3188 et
949 3115 1045 3189 illam
1062 3116 1227 3190 rehabere
1244 3141 1283 3189 ac
1305 3116 1446 3214 pacifice
1467 3115 1644 3214 possidere

432 3219 502 3292 illis
518 3235 554 3292 et
571 3243 697 3291 corum
718 3216 1007 3291 successoribus
999 3234 1287 3334 imperpetuum:
1314 3235 1350 3292 et
1376 3217 1524 3314 predicti
1552 3217 1643 3290 Cus-

431 3319 534 3393 todes
559 3336 595 3393 et
622 3319 871 3392 Communitas
896 3333 933 3390 et
960 3341 1172 3390 successores
1197 3319 1250 3391 sui
1284 3317 1477 3416 predictam
1512 3337 1641 3392 terram

432 3446 513 3493 cum
530 3419 603 3493 suis
624 3418 848 3518 pertinenciis
873 3416 1010 3515 prefato
1036 3418 1194 3492 Roberto
1210 3418 1387 3516 Vyncent,
1404 3418 1589 3493 heredibus
1605 3435 1641 3491 et

432 3521 614 3621 assignatis
655 3519 728 3592 suis
764 3521 801 3592 in
838 3517 954 3592 forma
991 3518 1159 3617 predicta,
1196 3537 1319 3593 contra
1352 3545 1476 3593 omnes
1517 3535 1641 3617 gentes

433 3620 710 3694 warantizabunt
740 3620 1016 3736 imperpetuum.

508 3723 550 3794 In
576 3722 675 3822 cujus
701 3722 750 3793 rei
776 3721 1021 3795 testimonium
1047 3735 1117 3793 tam
1142 3720 1298 3820 sigillum
1316 3720 1421 3794 officii
1441 3721 1641 3822 Majoratus

433 3826 600 3898 Dovorre
626 3822 781 3921 predicte
805 3847 912 3921 quam
937 3822 1094 3921 sigillum
1120 3821 1206 3895 dicti
1229 3822 1374 3895 Roberti
1392 3821 1556 3920 Vyncent
1572 3822 1640 3894 hiis

430 3924 629 3999 indenturis
646 3923 845 3997 alternatim
862 3939 947 3997 sunt
964 3948 1125 4023 appensa,
1143 3920 1280 4022 prefato
1297 3922 1457 3997 Roberto
1474 3922 1638 4022 Vyncent

430 4044 516 4100 tunc
537 4025 688 4126 Majore.

504 4128 599 4200 Data
633 4125 813 4199 tricesimo
847 4124 905 4197 die
942 4125 1071 4197 mensis
1101 4124 1256 4223 Augusti
1283 4149 1377 4197 anno
1402 4149 1439 4197 re
1490 4123 1501 4195 i
1531 4123 1638 4223 Regis

430 4227 607 4315 Edwardi,
624 4225 741 4326 quarti
759 4242 839 4325 post
856 4243 1090 4324 conquestum
1107 4226 1251 4326 Anglie,
1268 4227 1480 4324 septimoe
1436 4150 1582 4299 dencimo.

434 4329 518 4428 [43]
