3728 5258
461 443 529 534 164
817 443 999 516 oovsn
1024 443 1305 518 cunnrnns

1012 743 1110 822 LV.

1050 947 1074 993 1.

782 1095 882 1178 xxvij
903 1095 1076 1176 Januarii,
1101 1109 1140 1175 13
1164 1093 1255 1162 Hen.
1281 1095 1341 1162 lv.

458 1251 549 1326 Hsc
567 1268 620 1326 est
638 1250 750 1325 finalis
766 1250 954 1325 concordia
971 1249 1063 1324 facta
1079 1251 1116 1322 in
1135 1249 1246 1324 Curia
1272 1251 1408 1324 domini
1436 1252 1545 1352 Regis
1570 1267 1667 1325 tenta

458 1353 494 1426 in
525 1369 633 1452 portu
663 1354 827 1426 Dovorre
856 1353 970 1453 sorvij⁰
1003 1352 1061 1425 die
1094 1353 1250 1446 Januarii
1287 1377 1381 1426 anno
1417 1353 1517 1453 regni
1557 1352 1667 1452 Regis

459 1453 624 1544 Henrici,
659 1453 778 1552 quarti
815 1471 895 1552 post
931 1469 1167 1553 conquestum
1203 1454 1348 1553 Anglie,
1378 1455 1488 1528 tercio
1516 1454 1667 1542 decimo,

458 1581 576 1629 coram
601 1556 763 1651 Johanne
789 1552 991 1644 Evebroke,
1019 1555 1185 1655 Majore3
1222 1555 1366 1627 Thoma
1392 1555 1496 1655 Page,
1523 1554 1646 1628 Bailiff
1654 1579 1665 1641 ;

459 1682 595 1731 necnon
624 1655 756 1749 Juratis
785 1671 820 1727 et
850 1655 927 1728 aliis
955 1655 1042 1728 dicti
1073 1654 1209 1728 domini
1242 1655 1352 1756 Regis
1388 1655 1550 1729 fidelibus
1580 1671 1666 1729 tunc

458 1758 591 1832 ibidem
604 1756 826 1856 congregatis
841 1779 851 1844 ;
878 1756 970 1829 inter
980 1757 1160 1829 Thomam
1173 1771 1228 1829 ate
1241 1756 1415 1844 Crouche,
1429 1757 1473 1830 de
1487 1757 1665 1842 Dovorra,

457 1875 492 1932 et
509 1859 720 1953 johannam,
739 1880 884 1930 uxorem
902 1858 990 1957 ejus,
1011 1883 1054 1929 ex
1080 1873 1176 1955 parte
1202 1883 1281 1947 una,
1299 1872 1496 1958 querentes,
1513 1874 1548 1930 et
1565 1857 1665 1931 Wal-

459 1977 577 2032 terum
607 1959 704 2033 Bode
733 1959 779 2032 de
809 1957 1029 2046 ffeversham,
1055 1974 1091 2032 et
1119 1958 1371 2059 Margaretam,
1401 1983 1548 2032 uxorem
1578 1958 1666 2060 ejus,

459 2060 566 2133 filiam
594 2075 631 2133 et
657 2058 822 2132 heredem
843 2058 1019 2132 Willelmi
1047 2058 1210 2148 Poltone,
1234 2060 1279 2133 de
1305 2060 1482 2148 Dovorra,
1501 2085 1545 2132 ex
1569 2075 1667 2157 parte

459 2162 577 2251 altera,
592 2157 839 2248 deforciantes,
865 2159 911 2232 de
936 2176 1013 2232 tota
1039 2175 1138 2256 parte
1163 2160 1319 2256 ipsorum
1341 2159 1492 2233 Walteri
1509 2177 1545 2235 et
1565 2161 1667 2233 Mar-

457 2279 575 2363 garete
618 2261 725 2333 unius
768 2261 958 2333 tenementi
1001 2259 1121 2334 situati
1165 2258 1258 2334 infra
1302 2261 1500 2335 libertatem
1543 2278 1668 2362 portus

461 2365 626 2438 Dovorre
644 2363 679 2434 in
698 2362 830 2416 ⁵-
845 2361 972 2450 warde‚
992 2361 1087 2435 unde
1111 2361 1280 2459 placitum
1304 2363 1555 2438 convencionis
1569 2387 1667 2435 sum·

461 2465 638 2538 monitum
664 2460 733 2536 fuit
760 2463 852 2535 inter
876 2463 1017 2536 eosdem
1045 2463 1080 2534 in
1106 2463 1202 2536 dicta
1227 2463 1357 2537 Curia:
1396 2463 1456 2552 ita,
1492 2463 1664 2552 videlicet,

460 2566 557 2666 quod
583 2562 710 2663 prefati
738 2562 921 2638 Waltcrus
946 2580 982 2637 et
1008 2565 1222 2663 Margareta,
1242 2565 1461 2656 summoniti,
1480 2583 1666 2654 venerunt,

460 2683 496 2740 et
529 2680 816 2765 recognoverunt
846 2680 958 2738 totam
984 2689 1108 2737 eorum
1134 2683 1270 2763 partem
1295 2665 1488 2740 tenementi
1519 2665 1666 2764 predicti

460 2767 536 2840 fore
548 2767 610 2867 jus
627 2764 846 2865 prefatorum
863 2767 1007 2839 Thome
1030 2781 1066 2839 et
1087 2767 1260 2860 Johanne,
1277 2783 1312 2840 et
1336 2766 1433 2840 illam
1459 2767 1667 2841 remiserunt

460 2885 496 2943 et
513 2868 673 2968 quietum
692 2866 955 2941 clamaverunt:
983 2867 1126 2940 tenend’
1149 2883 1185 2940 et
1211 2867 1360 2942 habend'
1377 2869 1510 2943 eisdem
1527 2867 1667 2942 Thome

460 2987 496 3043 et
513 2969 686 3064 Johanne‚
705 2966 892 3042 heredibus
908 2984 944 3041 et
967 2967 1150 3067 assignatis
1174 2966 1331 3068 ejusdem
1357 2970 1512 3058 Thome,
1537 2970 1668 3068 imper-

460 3087 632 3170 petuum:
671 3086 829 3169 preterea
863 3085 1108 3143 concesserunt
1144 3069 1250 3142 iidem
1287 3070 1469 3143 Walterus
1492 3086 1529 3144 et
1567 3070 1669 3143 Mar-

461 3188 579 3274 gareta
617 3196 683 3270 pro
720 3196 756 3244 se
793 3186 830 3243 et
866 3169 1055 3244 heredibus
1092 3169 1203 3268 ipsius
1239 3171 1443 3270 Margarete
1477 3172 1575 3270 quod
1603 3172 1668 3270 ipsi

461 3270 741 3348 warantizabunt
791 3287 903 3344 totam
954 3287 1092 3369 partem
1141 3295 1240 3344 suam
1287 3270 1434 3370 predicti
1477 3273 1667 3346 tenementi

461 3372 738 3473 supranominati
769 3371 912 3444 Thome
941 3387 976 3445 et
1005 3371 1179 3465 Johanne,
1209 3372 1310 3445 uxori
1338 3397 1412 3466 sue,
1432 3373 1616 3447 heredibus
1633 3391 1669 3446 et

462 3473 645 3573 assignatis
661 3473 770 3571 ipsius
787 3472 941 3560 Thome,
959 3488 1082 3545 contra
1098 3497 1221 3545 omnes
1245 3489 1368 3572 gentes
1395 3474 1667 3574 imperpetuum.

880 3622 899 3657 ⁴*
909 3621 976 3682 Left
987 3623 1074 3682 blank
1085 3623 1116 3681 in
1128 3625 1177 3682 the
1191 3623 1258 3682 MS.
