3748 5266
465 431 536 499 288
826 429 1008 504 DOVER
1036 431 1315 506 CHARTERS

458 627 699 719 clamationes,
742 629 817 704 sive
856 631 987 704 clames
1030 632 1085 706 vel
1115 657 1184 706 non
1222 631 1365 721 tlamea,
1404 633 1676 730 prosecutiones

459 730 710 828 usurpationes
737 756 822 806 usus
849 731 980 805 abusus
1005 731 1191 807 abusiones
1220 750 1256 807 et
1288 761 1361 808 non
1389 760 1475 808 usus
1500 760 1677 834 quarum-

458 855 614 930 cumque
643 828 851 906 libettatum
884 831 1160 909 franchesiarum
1194 835 1466 935 privilegiorum
1500 852 1536 909 et
1564 835 1678 937 juris-

456 931 672 1022 dictionum,
690 949 875 1008 retornum
900 933 1064 1009 brevium
1090 953 1338 1035 preceptorum
1364 953 1399 1010 et
1425 937 1676 1011 mandatorum

459 1049 677 1123 nostrorum,
700 1052 761 1108 aut
791 1033 940 1136 alicujus
967 1037 1206 1136 progenitoris
1234 1038 1357 1128 nostri,
1384 1055 1420 1110 et
1446 1038 1676 1112 executiones

458 1134 666 1226 eorundem,
710 1161 748 1208 at
778 1135 906 1212 l*vitus
936 1136 1257 1238 ffrantiplegiarum
1291 1156 1327 1212 et
1362 1164 1675 1238 quarumcumque

457 1235 661 1310 libertatum
707 1263 769 1311 seu
812 1237 1109 1338 jurisdictionum
1146 1239 1427 1340 justitiariorum
1471 1241 1575 1340 pacis,
1616 1241 1675 1313 vel

452 1336 731 1436 justitiariorum
783 1339 826 1412 ad
874 1339 993 1438 gaolas
1046 1339 1276 1430 deliberand’,
1326 1357 1362 1414 et
1422 1356 1675 1416 coronatorum

458 1437 620 1529 habend',
654 1465 693 1512 ac
732 1463 1043 1540 quarumcumque
1085 1441 1232 1515 aliarum
1266 1440 1471 1515 libertatum
1512 1440 1676 1516 franche-

456 1539 588 1612 siarum
629 1539 927 1641 jurisdictionum
970 1558 1005 1615 et
1052 1541 1321 1642 privilegiorum
1356 1567 1675 1642 quorumcumque

457 1639 590 1738 absque
617 1641 812 1716 Warranto
842 1641 953 1741 regio,
977 1667 1039 1740 per
1073 1643 1167 1740 ipsos
1197 1644 1387 1745 Majorem,
1419 1643 1607 1733 Ballivum,
1638 1659 1676 1716 et

458 1741 775 1831 Communitatem,
802 1757 883 1816 ante
919 1745 1118 1841 predictum
1153 1745 1361 1818 vicesimum
1397 1745 1546 1832 tercium
1578 1747 1674 1818 diem

458 1842 605 1940 Aprilis,
630 1840 737 1916 factas
761 1859 797 1918 et
823 1842 985 1918 habitas:
1013 1844 1164 1918 Necnon
1187 1845 1411 1920 omnimodas
1433 1843 1675 1919 forisfacturas

458 1943 545 2016 fines
582 1968 687 2042 penas
720 1961 756 2017 et
798 1945 1021 2019 omnimodas
1066 1945 1293 2020 denariorum
1339 1971 1496 2021 summas
1538 1948 1675 2020 ratione

457 2045 637 2117 occasione
665 2043 720 2116 vel
750 2046 1004 2142 premissorum
1022 2047 1149 2136 colore,
1175 2048 1249 2121 sive
1272 2073 1397 2122 eorum
1425 2047 1584 2149 alicujus,
1611 2073 1674 2146 per

458 2145 553 2242 ipsos
581 2143 773 2245 Majorem,
792 2145 981 2234 Ballivum,
1005 2164 1039 2220 et
1071 2148 1393 2236 communitatem,
1411 2166 1491 2222 ante
1517 2149 1673 2222 eundem

455 2244 552 2318 diem
570 2261 749 2345 perceptas
765 2247 838 2320 sive
855 2263 1017 2344 receptas,
1037 2265 1098 2321 aut
1116 2247 1233 2336 nobis,
1251 2275 1313 2322 seu
1331 2249 1434 2322 alicui
1453 2251 1674 2350 progenitori

458 2363 591 2434 nostro,
631 2346 764 2419 ratione
810 2347 1075 2444 premissorum,
1116 2375 1178 2424 seu
1212 2375 1338 2424 eorum
1385 2349 1545 2451 alicujus,
1593 2377 1676 2449 pcr-

458 2447 592 2522 tinend’
608 2445 745 2521 debitas
767 2449 842 2520 sive
858 2464 1064 2545 spectantes,
1089 2467 1124 2524 et
1151 2451 1291 2526 easdem
1319 2448 1559 2525 forisfacturas
1586 2452 1675 2525 fines

457 2571 563 2646 penas
596 2565 632 2620 et
665 2549 893 2622 denariorum
926 2573 1081 2623 summas
1114 2551 1247 2624 eisdem
1279 2551 1424 2652 Majori,
1454 2552 1602 2641 Ballivo,
1636 2569 1675 2625 et

456 2648 713 2722 Communitati
748 2649 876 2722 damus
907 2668 943 2722 et
972 2652 1198 2726 concedimus
1226 2678 1287 2750 per
1317 2669 1497 2751 presentes
1522 2653 1674 2726 habend’

455 2747 520 2822 sibi
550 2750 596 2824 de
625 2752 722 2824 dono
752 2766 875 2825 nostro
900 2749 1031 2852 absque
1060 2769 1228 2852 compoto
1254 2779 1315 2826 seu
1343 2753 1464 2853 aliquo
1491 2754 1561 2827 alio
1589 2754 1675 2827 inde

456 2849 559 2924 nobis
585 2853 640 2924 vel
668 2850 856 2926 heredibus
883 2853 1011 2925 nostris
1038 2853 1207 2927 reddend’
1236 2853 1395 2928 solvend'
1424 2856 1480 2927 vel
1510 2853 1675 2930 faciend'

459 2951 734 3026 Penoounmus
751 2953 861 3027 eciam
878 2953 1093 3028 remittimus
1112 2971 1147 3028 et
1165 2955 1359 3028 relaxamus
1374 2956 1508 3029 eisdem
1527 2955 1672 3056 Majori,

456 3052 604 3144 Ballivo,
637 3070 673 3128 et
703 3053 973 3145 Communitati,
1016 3056 1135 3128 omnia
1175 3071 1211 3128 et
1252 3057 1460 3130 omnimoda
1492 3056 1577 3129 falsa
1619 3057 1672 3129 in-

455 3153 665 3229 sufficientia
690 3155 764 3228 sive
798 3156 979 3252 deceptiva
1005 3171 1147 3230 retorna
1176 3181 1483 3256 quorumcumque
1510 3156 1673 3231 brevium

455 3272 703 3356 preceptorum
750 3271 787 3328 et
837 3256 1086 3329 mandatorum
1137 3273 1351 3347 nostrorum,
1402 3257 1477 3331 sive
1527 3259 1675 3359 alicujus

456 3356 692 3456 progenitoris
740 3356 878 3443 nostri;
930 3381 968 3430 ac
1020 3356 1244 3431 omnimodas
1298 3361 1590 3458 transgressiones
1636 3377 1673 3433 et

455 3454 605 3530 offensas
647 3481 713 3555 pro
764 3481 835 3530 non
877 3456 1028 3530 retornis
1069 3458 1278 3549 eorundem,
1312 3475 1348 3534 et
1385 3459 1675 3534 imbesillaciones

454 3556 676 3644 eorundem;
710 3581 749 3629 at
783 3557 1005 3632 omnimodas
1039 3558 1234 3634 solutiones
1267 3561 1489 3659 receptiones
1522 3578 1558 3634 et
1593 3587 1674 3660 per-

454 3657 636 3754 ceptiones
660 3659 884 3732 denariorum
909 3683 1138 3750 summarum,
1155 3678 1191 3734 et
1217 3662 1439 3736 omnimodas
1463 3663 1673 3736 tradiciones

454 3776 490 3832 et
508 3758 778 3833 deliberationes
797 3785 1100 3860 quarumcumque
1120 3787 1250 3850 rerum,
1269 3787 1335 3860 pro
1355 3763 1506 3836 retornis
1523 3764 1580 3838 vel
1599 3789 1671 3837 non

455 3859 607 3934 retornis
623 3859 823 3958 aliquorum
849 3859 1011 3936 brevium
1036 3878 1285 3959 preceptorum
1312 3863 1385 3936 sive
1411 3865 1671 3954 mandatorum,

455 3987 612 4059 stupro
646 3958 768 4035 favore
801 3986 1106 4062 quarumcumque
1135 3987 1365 4061 personarum
1408 3964 1527 4064 aliquo
1560 3967 1672 4039 modo

454 4063 705 4150 demonstrata,
740 4061 798 4135 vel
837 4061 1012 4162 aliquibus
1054 4063 1224 4162 personis,
1267 4080 1328 4139 aut
1370 4065 1473 4138 alicui
1512 4090 1671 4164 persone,

455 4162 613 4236 favorem
643 4179 680 4236 et
708 4162 952 4237 eisiamentum
983 4165 1019 4236 in
1047 4165 1207 4240 custodia
1247 4189 1309 4239 sua
1333 4166 1495 4240 existenti
1522 4164 1669 4240 faciend’

455 4263 511 4338 vel
537 4262 771 4338 ostendend’:
800 4289 839 4337 ac
873 4264 1095 4340 omnimodas
1120 4265 1281 4355 offensas,
1309 4267 1608 4368 transgressiones,
1634 4283 1670 4340 et
