3744 5296
441 469 483 540 18
794 463 972 538 DOVER
998 459 1275 537 CHARTERS

973 763 1090 844 xt.

837 935 1194 1022 ssssmtossdw.
1217 936 1246 1007 1.

417 1124 422 1132 ·
440 1098 668 1174 Eowarous
693 1095 751 1171 dei
772 1095 890 1197 gracia
907 1097 983 1170 Rex
999 1095 1142 1197 Anglie,
1160 1094 1339 1170 Dominus
1356 1094 1543 1186 Hibernis,
1561 1095 1647 1168 Dux

443 1197 651 1299 Aquitanis,
678 1196 811 1272 dilecto
835 1197 1004 1272 servienti
1030 1196 1069 1270 in
1096 1196 1253 1288 Christo,
1281 1195 1414 1271 Abbati
1436 1198 1482 1271 de
1499 1196 1649 1270 ffavere-

442 1298 758 1374 snam-salutern
810 1298 904 1395 Quia
932 1323 976 1372 cx
1004 1297 1145 1398 querela
1169 1299 1349 1373 Beronum
1373 1313 1576 1372 nostrorum
1603 1298 1648 1371 de

442 1401 672 1475 ffaveresham
697 1400 894 1499 accepimus
919 1399 1018 1500 quod
1043 1424 1125 1474 cum
1150 1425 1215 1474 vos
1234 1398 1338 1500 juxta
1354 1400 1531 1499 quandam
1548 1423 1648 1472 com-

443 1503 658 1602 posicionem
689 1501 828 1576 dudum
869 1499 963 1574 inter
1003 1524 1069 1574 vos
1109 1515 1146 1576 et
1186 1500 1283 1599 ipsos
1323 1501 1449 1576 initam
1490 1501 1649 1574 invenire

443 1603 599 1679 debeatis
624 1627 738 1676 unum
764 1601 946 1675 hominem
972 1625 1016 1674 ex
1042 1615 1140 1700 parte
1166 1618 1283 1676 vestm
1308 1602 1353 1676 ed
1370 1603 1548 1702 prisonem
1566 1626 1650 1676 nos-

443 1721 536 1780 tram
568 1703 702 1778 ibidem
735 1701 780 1776 ad
813 1717 977 1802 sumptus
1008 1716 1145 1776 vestros
1177 1702 1411 1794 custodiend',
1453 1729 1524 1777 una
1565 1727 1648 1777 cum

444 1805 601 1906 quodam
626 1803 696 1878 alio
720 1802 864 1876 homine
889 1827 953 1902 per
976 1801 1093 1877 dictos
1118 1804 1272 1879 Berones
1288 1805 1331 1880 ad
1349 1805 1416 1878 hoc
1432 1803 1649 1894 inveniend’‚

444 1931 510 1980 vos
525 1903 708 1980 hominem
725 1903 877 2003 aliquem
894 1903 1023 1978 adhoc
1043 1903 1213 1994 invenire,
1230 1905 1322 1979 sicut
1339 1906 1437 2006 prius
1453 1905 1648 1994 invenistis,

444 2005 684 2082 contradicitis
729 2005 848 2078 odom
883 2004 978 2105 juste
1019 2003 1064 2078 ad
1104 2029 1212 2104 grave
1254 2006 1448 2108 dampnum
1489 2005 1649 2106 ipsorum

445 2109 626 2182 Beronum
641 2120 678 2180 et
694 2121 818 2180 contra
833 2104 1130 2205 composicionem
1147 2106 1342 2205 prodictam
1357 2135 1365 2180 ε

520 2208 600 2282 Nos
616 2206 839 2281 advertentes
854 2207 952 2308 quod
979 2207 1175 2306 periculum
1201 2233 1265 2308 per
1287 2205 1467 2283 defectum
1492 2207 1652 2282 custodie

446 2308 650 2411 hujusmodi
677 2323 796 2406 posset
821 2306 951 2382 futuris
978 2307 1198 2408 temporibus
1214 2307 1370 2385 imincre.
1423 2308 1535 2384 Vobis
1551 2333 1652 2383 man-

446 2412 573 2485 damus
597 2409 697 2510 quod
721 2409 903 2485 hominem
928 2409 1128 2507 predictum
1152 2409 1197 2483 ad
1223 2409 1401 2509 prisonem
1418 2408 1515 2483 illam
1532 2426 1652 2485 custo-

448 2511 565 2586 diend’
583 2525 726 2628 exparte
742 2525 861 2585 vestre
876 2511 960 2611 poni
986 2508 1122 2584 faciatis
1146 2510 1238 2585 sicut
1258 2511 1295 2585 id
1321 2509 1432 2585 facere
1456 2510 1591 2586 debetis
1614 2527 1651 2586 et

447 2611 679 2686 consuevistis
685 2627 787 2711 Juxta
799 2611 1095 2712 composicionem
1108 2611 1313 2729 predictam,
1325 2611 1375 2687 ita
1395 2612 1492 2712 quod
1510 2613 1651 2713 culpam

447 2729 601 2790 vestram
618 2713 655 2786 in
672 2713 736 2786 hac
748 2730 853 2830 parte
869 2737 1016 2813 arguere
1032 2729 1160 2787 mento
1177 2739 1249 2788 non
1265 2711 1463 2788 debearnus.

523 2815 633 2888 Teste
661 2839 719 2888 me
748 2839 826 2914 ipso
855 2815 949 2914 apud
981 2814 1241 2890 Gloucestriam
1271 2814 1319 2915 iiij
1352 2815 1410 2888 die
1439 2813 1530 2899 Maii
1559 2841 1653 2888 anno

448 2916 548 3018 regni
565 2915 677 2990 nostri
701 2915 848 2992 decimo.
