3744 5296
457 478 500 550 28
801 477 982 552 DOVER
1010 476 1290 552 CHARTERS

984 778 1127 860 XIV.

806 951 936 1019 Mense
949 951 1045 1032 Jutii‚
1059 966 1098 1036 14
1113 952 1271 1020 Edward
1285 954 1311 1019 1.

455 1110 671 1184 Noveamr
689 1109 843 1183 universi
857 1133 998 1206 presens
1010 1108 1077 1182 scri
1103 1125 1182 1183 tum
1196 1108 1305 1182 visuri
1315 1110 1373 1183 vel
1391 1109 1547 1184 audituri
1564 1111 1665 1210 quod

455 1207 538 1310 Ego
553 1209 720 1284 Anabilla
735 1209 919 1311 quondam
937 1233 1028 1283 uxor
1096 1209 1218 1283 illelmi
1243 1211 1289 1284 de
1315 1211 1410 1283 Aula
1434 1211 1479 1284 de
1506 1212 1664 1299 Dovore,

453 1335 593 1384 assensu
610 1326 646 1385 et
663 1335 836 1385 concensu
854 1311 1026 1405 Johannis
1043 1310 1105 1386 filii
1133 1311 1220 1385 dicti
1244 1311 1422 1384 Willelmi
1439 1328 1475 1384 et
1493 1311 1575 1403 mei,
1594 1328 1666 1386 tra-

453 1411 529 1485 didi
563 1429 599 1485 et
632 1411 751 1487 dimisi
783 1412 959 1487 Nicholao
995 1412 1201 1486 Bevelonde
1235 1413 1420 1486 mercatori
1451 1412 1598 1487 Dovore
1627 1428 1665 1487 et

452 1513 640 1588 heredibus
656 1513 728 1588 suis
753 1513 822 1586 vel.
835 1511 1018 1614 assignatis
1043 1539 1150 1589 unam
1176 1529 1306 1586 terram
1332 1537 1413 1587 cum
1438 1512 1666 1612 pertinenciis

448 1613 624 1714 jacentem
655 1615 692 1688 in
722 1631 831 1712 portu
859 1616 1009 1688 Dovore
1035 1615 1072 1687 in
1099 1615 1235 1689 Warda
1262 1614 1359 1689 dicta
1385 1613 1665 1690 Bikkenewarde

452 1741 557 1813 super
582 1741 652 1815 qua
677 1715 821 1814 propria
844 1715 949 1789 habet
974 1715 1134 1790 edificia:
1176 1715 1323 1804 tenend’·
1340 1731 1376 1788 et
1405 1713 1554 1791 habend'
1583 1741 1664 1815 pre-

453 1817 583 1890 dictam
617 1833 747 1891 terram
781 1815 943 1915 predicto
973 1815 1150 1890 Nicholao
1191 1832 1227 1891 et
1269 1814 1458 1890 heredibus
1499 1817 1572 1890 suis
1607 1817 1662 1890 vel

453 1917 635 2017 assignatis
662 1915 750 1991 bene
774 1934 811 1990 et
843 1917 881 1990 in
908 1941 990 2016 pace
1017 1916 1190 1992 viduitate
1214 1941 1292 1990 mea
1318 1915 1437 1991 habita
1461 1933 1499 1990 et
1526 1933 1664 1992 servata

452 2017 573 2118 quoad
599 2017 735 2107 vixero,
765 2042 832 2117 pro
858 2018 1094 2118 quadraginta
1126 2035 1163 2091 et
1196 2017 1337 2092 duobus
1370 2017 1521 2092 denariis
1555 2018 1661 2092 annui

452 2119 614 2194 redditus
630 2119 716 2192 mihi
735 2119 791 2192 vel
808 2143 889 2193 meo
906 2137 1003 2193 certo
1025 2134 1202 2193 attornato
1227 2144 1332 2217 super
1357 2119 1504 2194 eandem
1530 2136 1662 2195 terram

452 2221 496 2316 ad
513 2221 606 2318 dues
623 2219 796 2294 terminos
811 2221 892 2294 anni
911 2219 1081 2308 solvend’‚
1101 2219 1234 2293 scilicet
1259 2221 1303 2294 ad
1329 2219 1494 2294 Natalem
1513 2220 1662 2295 Domini

453 2346 520 2418 pro
549 2320 675 2420 viginti
705 2338 742 2394 et
772 2346 845 2395 uno
864 2321 1026 2409 denariis,
1055 2322 1165 2396 etad
1195 2320 1326 2394 festum
1353 2321 1468 2394 Sancti
1490 2322 1663 2415 Johannis

452 2421 609 2520 Baptiste
625 2447 693 2522 pro
708 2422 837 2524 viginti
854 2438 890 2496 et
907 2447 980 2496 uno
996 2421 1149 2496 denariis
1163 2421 1450 2522 sterlinggorum.

467 2601 469 2606 ¹
528 2522 570 2595 ln
587 2521 687 2622 cujus
702 2523 752 2596 rei
778 2522 1022 2596 testimonium
1033 2523 1184 2620 presenti
1197 2523 1330 2622 scripto
1345 2525 1389 2598 ad
1406 2524 1552 2597 modum
1572 2523 1663 2598 ciro-

451 2624 538 2723 grafi
555 2623 756 2723 composito
772 2622 886 2723 sigilla
898 2649 960 2698 sua
976 2623 1175 2698 alternatim
1192 2641 1308 2722 partes
1325 2641 1574 2724 apposuerunt.

528 2723 616 2798 Hiis
632 2723 791 2814 testibus,
811 2725 964 2799 Ricardo
982 2724 1093 2799 Nelot
1108 2749 1119 2814 3
1147 2726 1316 2802 Mattheo
1340 2727 1385 2800 de
1401 2725 1526 2800 Sancta
1543 2725 1658 2799 Rade-

450 2825 597 2926 gunde;
616 2824 791 2900 Nicholao
806 2826 852 2899 de
864 2825 1073 2900 Wlurinton
1089 2851 1100 2914 ;
1117 2827 1227 2901 Petro
1239 2826 1284 2901 de
1297 2827 1480 2914 Ecclesia3
1497 2827 1661 2900 Waltero

451 2926 609 3027 pistore;
638 2927 747 3001 Petro
765 2927 976 3028 Hudding3
1001 2943 1037 3001 et
1054 2927 1137 3002 aliia

527 3029 663 3101 Actum
701 3054 820 3102 mense
860 3027 946 3122 Julii
990 3055 1083 3103 anno
1111 3028 1211 3128 regni
1248 3029 1340 3127 regis
1378 3027 1558 3118 Edwardi,
1595 3027 1658 3101 filii

452 3128 602 3202 Henrici
620 3129 722 3230 regis,
741 3145 869 3230 quarto
884 3129 1034 3206 decimo.
