<?xml version="1.0" encoding="UTF-8"?>
<!DOCTYPE html PUBLIC "-//W3C//DTD XHTML 1.0 Transitional//EN"
    "http://www.w3.org/TR/xhtml1/DTD/xhtml1-transitional.dtd">
<html xmlns="http://www.w3.org/1999/xhtml" xml:lang="en" lang="en">
 <head>
  <title>
</title>
<meta http-equiv="Content-Type" content="text/html;charset=utf-8" />
  <meta name='ocr-system' content='tesseract 3.04.00' />
  <meta name='ocr-capabilities' content='ocr_page ocr_carea ocr_par ocr_line ocrx_word'/>
</head>
<body>
  <div class='ocr_page' id='page_1' title='image "./doverchartersan00statgoog_0201.png"; bbox 0 0 3728 5258; ppageno 0'>
   <div class='ocr_carea' id='block_1_1' title="bbox 444 454 1285 530">
    <p class='ocr_par' dir='ltr' id='par_1_1' title="bbox 444 454 1285 530">
     <span class='ocr_line' id='line_1_1' title="bbox 444 454 1285 530; baseline -0.001 0"><span class='ocrx_word' id='word_1_1' title='bbox 444 457 513 530; x_wconf 91' lang='lat'>160</span> <span class='ocrx_word' id='word_1_2' title='bbox 799 454 980 529; x_wconf 89' lang='lat' dir='ltr'>DOVER</span> <span class='ocrx_word' id='word_1_3' title='bbox 1006 455 1285 530; x_wconf 85' lang='lat' dir='ltr'>CHARTERS</span> 
     </span>
    </p>
   </div>
   <div class='ocr_carea' id='block_1_2' title="bbox 771 655 1273 912">
    <p class='ocr_par' dir='ltr' id='par_1_2' title="bbox 771 655 1265 912">
     <span class='ocr_line' id='line_1_2' title="bbox 950 655 1130 735; baseline 0.006 -1"><span class='ocrx_word' id='word_1_4' title='bbox 950 655 1130 735; x_wconf 76' lang='lat' dir='ltr'>L1111.</span> 
     </span>
     <span class='ocr_line' id='line_1_3' title="bbox 771 811 1273 912; baseline 0 -14"><span class='ocrx_word' id='word_1_5' title='bbox 771 811 1005 912; x_wconf 77' lang='lat' dir='ltr'>vjouobris,</span> <span class='ocrx_word' id='word_1_6' title='bbox 1032 845 1071 911; x_wconf 83' lang='lat'>13</span> <span class='ocrx_word' id='word_1_7' title='bbox 1095 830 1187 899; x_wconf 76' lang='lat' dir='ltr'>nen.</span> <span class='ocrx_word' id='word_1_8' title='bbox 1213 831 1273 898; x_wconf 83' lang='grc' dir='ltr'>ιν.</span> 
     </span>
    </p>
   </div>
   <div class='ocr_carea' id='block_1_3' title="bbox 436 986 1648 4319">
    <p class='ocr_par' dir='ltr' id='par_1_3' title="bbox 437 986 1648 1896">
     <span class='ocr_line' id='line_1_4' title="bbox 439 986 1644 1088; baseline 0 -27"><span class='ocrx_word' id='word_1_9' title='bbox 439 990 528 1062; x_wconf 81' lang='lat' dir='ltr'>Sem</span> <span class='ocrx_word' id='word_1_10' title='bbox 535 1012 588 1060; x_wconf 83' lang='lat' dir='ltr'>ur</span> <span class='ocrx_word' id='word_1_11' title='bbox 605 1002 782 1086; x_wconf 80' lang='lat' dir='ltr'>presentes</span> <span class='ocrx_word' id='word_1_12' title='bbox 798 1003 834 1061; x_wconf 92' lang='lat' dir='ltr'>et</span> <span class='ocrx_word' id='word_1_13' title='bbox 851 986 963 1061; x_wconf 77' lang='lat' dir='ltr'>futuri</span> <span class='ocrx_word' id='word_1_14' title='bbox 982 987 1080 1087; x_wconf 91' lang='lat' dir='ltr'>quod</span> <span class='ocrx_word' id='word_1_15' title='bbox 1096 1011 1175 1088; x_wconf 88' lang='lat' dir='ltr'>ego,</span> <span class='ocrx_word' id='word_1_16' title='bbox 1191 987 1351 1061; x_wconf 83' lang='lat' dir='ltr'><strong>Thomas</strong></span> <span class='ocrx_word' id='word_1_17' title='bbox 1368 1003 1403 1060; x_wconf 93' lang='lat' dir='ltr'>at</span> <span class='ocrx_word' id='word_1_18' title='bbox 1421 987 1583 1061; x_wconf 91' lang='lat' dir='ltr'>Crouche</span> <span class='ocrx_word' id='word_1_19' title='bbox 1600 987 1644 1061; x_wconf 94' lang='lat' dir='ltr'>de</span> 
     </span>
     <span class='ocr_line' id='line_1_5' title="bbox 440 1087 1645 1186; baseline 0 -25"><span class='ocrx_word' id='word_1_20' title='bbox 440 1088 615 1177; x_wconf 87' lang='lat' dir='ltr'>Dovorra,</span> <span class='ocrx_word' id='word_1_21' title='bbox 637 1088 731 1177; x_wconf 88' lang='lat' dir='ltr'>dedi,</span> <span class='ocrx_word' id='word_1_22' title='bbox 749 1089 912 1179; x_wconf 82' lang='lat' dir='ltr'>concessi,</span> <span class='ocrx_word' id='word_1_23' title='bbox 931 1105 977 1178; x_wconf 93' lang='lat' dir='ltr'>et,</span> <span class='ocrx_word' id='word_1_24' title='bbox 996 1089 1059 1163; x_wconf 86' lang='lat' dir='ltr'>hac</span> <span class='ocrx_word' id='word_1_25' title='bbox 1080 1087 1232 1186; x_wconf 86' lang='lat' dir='ltr'>presenti</span> <span class='ocrx_word' id='word_1_26' title='bbox 1251 1104 1345 1161; x_wconf 87' lang='lat' dir='ltr'>carta</span> <span class='ocrx_word' id='word_1_27' title='bbox 1362 1113 1438 1161; x_wconf 88' lang='lat' dir='ltr'>mea</span> <span class='ocrx_word' id='word_1_28' title='bbox 1455 1088 1645 1176; x_wconf 86' lang='lat' dir='ltr'>indentata,</span> 
     </span>
     <span class='ocr_line' id='line_1_6' title="bbox 438 1146 1644 1283; baseline -0.001 -21"><span class='ocrx_word' id='word_1_29' title='bbox 438 1189 642 1264; x_wconf 89' lang='lat' dir='ltr'>confirmavi</span> <span class='ocrx_word' id='word_1_30' title='bbox 672 1146 825 1283; x_wconf 87' lang='lat' dir='ltr'>Johanni</span> <span class='ocrx_word' id='word_1_31' title='bbox 858 1149 961 1262; x_wconf 88' lang='lat' dir='ltr'>Milis</span> <span class='ocrx_word' id='word_1_32' title='bbox 989 1191 1034 1264; x_wconf 87' lang='lat' dir='ltr'>de</span> <span class='ocrx_word' id='word_1_33' title='bbox 1064 1191 1243 1277; x_wconf 88' lang='lat' dir='ltr'>Dovorra,</span> <span class='ocrx_word' id='word_1_34' title='bbox 1274 1204 1309 1262; x_wconf 90' lang='lat' dir='ltr'>et</span> <span class='ocrx_word' id='word_1_35' title='bbox 1341 1188 1514 1278; x_wconf 88' lang='lat' dir='ltr'>Dionisie,</span> <span class='ocrx_word' id='word_1_36' title='bbox 1543 1189 1644 1262; x_wconf 86' lang='lat' dir='ltr'>uxori</span> 
     </span>
     <span class='ocr_line' id='line_1_7' title="bbox 437 1287 1646 1431; baseline -0.001 -67.988"><span class='ocrx_word' id='word_1_37' title='bbox 437 1291 523 1392; x_wconf 85' lang='lat' dir='ltr'>ejus,</span> <span class='ocrx_word' id='word_1_38' title='bbox 541 1317 649 1364; x_wconf 91' lang='lat' dir='ltr'>unam</span> <span class='ocrx_word' id='word_1_39' title='bbox 667 1291 851 1389; x_wconf 87' lang='lat' dir='ltr'>parcellam</span> <span class='ocrx_word' id='word_1_40' title='bbox 870 1306 961 1364; x_wconf 90' lang='lat' dir='ltr'>terre</span> <span class='ocrx_word' id='word_1_41' title='bbox 984 1290 1165 1431; x_wconf 89' lang='lat' dir='ltr'>cujusdam</span> <span class='ocrx_word' id='word_1_42' title='bbox 1183 1291 1252 1364; x_wconf 91' lang='lat' dir='ltr'>orti</span> <span class='ocrx_word' id='word_1_43' title='bbox 1271 1291 1338 1362; x_wconf 89' lang='lat' dir='ltr'>mei</span> <span class='ocrx_word' id='word_1_44' title='bbox 1361 1289 1536 1391; x_wconf 88' lang='lat' dir='ltr'>jacentem</span> <span class='ocrx_word' id='word_1_45' title='bbox 1554 1287 1646 1362; x_wconf 88' lang='lat' dir='ltr'>infra</span> 
     </span>
     <span class='ocr_line' id='line_1_8' title="bbox 437 1389 1647 1491; baseline -0.002 -27"><span class='ocrx_word' id='word_1_46' title='bbox 437 1393 636 1466; x_wconf 86' lang='lat' dir='ltr'>libertatem</span> <span class='ocrx_word' id='word_1_47' title='bbox 667 1391 795 1466; x_wconf 87' lang='lat' dir='ltr'>Portus</span> <span class='ocrx_word' id='word_1_48' title='bbox 824 1392 1027 1466; x_wconf 91' lang='lat' dir='ltr'>Dovorra</span> <span class='ocrx_word' id='word_1_49' title='bbox 1019 1417 1055 1464; x_wconf 91' lang='lat' dir='ltr'>m</span> <span class='ocrx_word' id='word_1_50' title='bbox 1085 1391 1216 1450; x_wconf 76' lang='lat'>*—--</span> <span class='ocrx_word' id='word_1_51' title='bbox 1244 1393 1371 1479; x_wconf 86' lang='lat' dir='ltr'>warde,</span> <span class='ocrx_word' id='word_1_52' title='bbox 1401 1417 1470 1491; x_wconf 92' lang='lat' dir='ltr'>que</span> <span class='ocrx_word' id='word_1_53' title='bbox 1499 1389 1647 1489; x_wconf 88' lang='lat' dir='ltr'>parcella</span> 
     </span>
     <span class='ocr_line' id='line_1_9' title="bbox 438 1492 1647 1595; baseline -0.002 -29"><span class='ocrx_word' id='word_1_54' title='bbox 438 1509 528 1566; x_wconf 90' lang='lat' dir='ltr'>terre</span> <span class='ocrx_word' id='word_1_55' title='bbox 548 1493 642 1595; x_wconf 87' lang='lat' dir='ltr'>jacet</span> <span class='ocrx_word' id='word_1_56' title='bbox 668 1494 761 1566; x_wconf 90' lang='lat' dir='ltr'>inter</span> <span class='ocrx_word' id='word_1_57' title='bbox 785 1510 914 1566; x_wconf 90' lang='lat' dir='ltr'>terram</span> <span class='ocrx_word' id='word_1_58' title='bbox 939 1493 1110 1588; x_wconf 87' lang='lat' dir='ltr'>Johannis</span> <span class='ocrx_word' id='word_1_59' title='bbox 1136 1492 1266 1590; x_wconf 90' lang='lat' dir='ltr'>Robyn</span> <span class='ocrx_word' id='word_1_60' title='bbox 1284 1517 1405 1566; x_wconf 87' lang='lat' dir='ltr'>versus</span> <span class='ocrx_word' id='word_1_61' title='bbox 1422 1493 1647 1582; x_wconf 81' lang='lat' dir='ltr'>northewest,</span> 
     </span>
     <span class='ocr_line' id='line_1_10' title="bbox 437 1593 1646 1693; baseline 0 -27"><span class='ocrx_word' id='word_1_62' title='bbox 437 1611 472 1667; x_wconf 90' lang='lat' dir='ltr'>et</span> <span class='ocrx_word' id='word_1_63' title='bbox 498 1611 629 1667; x_wconf 90' lang='lat' dir='ltr'>terram</span> <span class='ocrx_word' id='word_1_64' title='bbox 655 1595 723 1667; x_wconf 93' lang='lat' dir='ltr'>mei</span> <span class='ocrx_word' id='word_1_65' title='bbox 750 1595 898 1693; x_wconf 83' lang='lat' dir='ltr'>predicti</span> <span class='ocrx_word' id='word_1_66' title='bbox 926 1594 1068 1668; x_wconf 90' lang='lat' dir='ltr'>Thome</span> <span class='ocrx_word' id='word_1_67' title='bbox 1093 1618 1215 1666; x_wconf 84' lang='lat' dir='ltr'>versus</span> <span class='ocrx_word' id='word_1_68' title='bbox 1239 1595 1398 1668; x_wconf 89' lang='lat' dir='ltr'>southest</span> <span class='ocrx_word' id='word_1_69' title='bbox 1421 1609 1456 1667; x_wconf 90' lang='lat' dir='ltr'>et</span> <span class='ocrx_word' id='word_1_70' title='bbox 1474 1593 1646 1682; x_wconf 88' lang='lat' dir='ltr'>northest,</span> 
     </span>
     <span class='ocr_line' id='line_1_11' title="bbox 437 1694 1648 1811; baseline -0.003 -43"><span class='ocrx_word' id='word_1_71' title='bbox 437 1711 473 1768; x_wconf 89' lang='lat' dir='ltr'>ct</span> <span class='ocrx_word' id='word_1_72' title='bbox 491 1696 584 1768; x_wconf 90' lang='lat' dir='ltr'>inter</span> <span class='ocrx_word' id='word_1_73' title='bbox 601 1695 732 1811; x_wconf 86' lang='lat' dir='ltr'>regiam</span> <span class='ocrx_word' id='word_1_74' title='bbox 749 1711 895 1769; x_wconf 88' lang='lat' dir='ltr'>stratam</span> <span class='ocrx_word' id='word_1_75' title='bbox 912 1721 1035 1768; x_wconf 88' lang='lat' dir='ltr'>versus</span> <span class='ocrx_word' id='word_1_76' title='bbox 1057 1696 1279 1785; x_wconf 83' lang='lat' dir='ltr'>southewest,</span> <span class='ocrx_word' id='word_1_77' title='bbox 1298 1710 1405 1795; x_wconf 90' lang='lat' dir='ltr'>prout</span> <span class='ocrx_word' id='word_1_78' title='bbox 1433 1695 1515 1768; x_wconf 91' lang='lat' dir='ltr'>inde</span> <span class='ocrx_word' id='word_1_79' title='bbox 1543 1694 1648 1768; x_wconf 88' lang='lat' dir='ltr'>metis</span> 
     </span>
     <span class='ocr_line' id='line_1_12' title="bbox 438 1753 1647 1912; baseline -0.001 -42"><span class='ocrx_word' id='word_1_80' title='bbox 438 1813 473 1870; x_wconf 91' lang='lat' dir='ltr'>et</span> <span class='ocrx_word' id='word_1_81' title='bbox 501 1797 632 1871; x_wconf 91' lang='lat' dir='ltr'>bundis</span> <span class='ocrx_word' id='word_1_82' title='bbox 658 1796 832 1870; x_wconf 89' lang='lat' dir='ltr'>dividitur</span> <span class='ocrx_word' id='word_1_83' title='bbox 859 1811 895 1869; x_wconf 90' lang='lat' dir='ltr'>et</span> <span class='ocrx_word' id='word_1_84' title='bbox 922 1795 1105 1912; x_wconf 64' lang='lat' dir='ltr'>signatur:</span> <span class='ocrx_word' id='word_1_85' title='bbox 1144 1753 1295 1869; x_wconf 90' lang='lat' dir='ltr'>habend&#39;</span> <span class='ocrx_word' id='word_1_86' title='bbox 1325 1813 1360 1869; x_wconf 93' lang='lat' dir='ltr'>et</span> <span class='ocrx_word' id='word_1_87' title='bbox 1397 1796 1647 1895; x_wconf 89' lang='lat' dir='ltr'>tenend’pre·</span> 
     </span>
    </p>

    <p class='ocr_par' dir='ltr' id='par_1_4' title="bbox 436 1895 1648 4319">
     <span class='ocr_line' id='line_1_13' title="bbox 438 1895 1646 2012; baseline 0 -42"><span class='ocrx_word' id='word_1_88' title='bbox 438 1898 567 1970; x_wconf 91' lang='lat' dir='ltr'>dictam</span> <span class='ocrx_word' id='word_1_89' title='bbox 603 1895 796 2012; x_wconf 88' lang='lat' dir='ltr'>parcellam</span> <span class='ocrx_word' id='word_1_90' title='bbox 812 1913 904 1969; x_wconf 88' lang='lat' dir='ltr'>terre</span> <span class='ocrx_word' id='word_1_91' title='bbox 929 1897 996 1970; x_wconf 88' lang='lat' dir='ltr'>orti</span> <span class='ocrx_word' id='word_1_92' title='bbox 1034 1897 1102 1970; x_wconf 88' lang='lat' dir='ltr'>mei</span> <span class='ocrx_word' id='word_1_93' title='bbox 1129 1896 1273 1996; x_wconf 86' lang='lat' dir='ltr'>prefatis</span> <span class='ocrx_word' id='word_1_94' title='bbox 1297 1897 1449 1991; x_wconf 90' lang='lat' dir='ltr'>Johanni</span> <span class='ocrx_word' id='word_1_95' title='bbox 1478 1895 1581 1969; x_wconf 90' lang='lat' dir='ltr'>Milis</span> <span class='ocrx_word' id='word_1_96' title='bbox 1610 1914 1646 1970; x_wconf 91' lang='lat' dir='ltr'>et</span> 
     </span>
     <span class='ocr_line' id='line_1_14' title="bbox 439 1996 1647 2113; baseline -0.001 -42"><span class='ocrx_word' id='word_1_97' title='bbox 439 1997 613 2086; x_wconf 89' lang='lat' dir='ltr'>Dionisie,</span> <span class='ocrx_word' id='word_1_98' title='bbox 640 1999 741 2070; x_wconf 88' lang='lat' dir='ltr'>uxori</span> <span class='ocrx_word' id='word_1_99' title='bbox 767 1997 852 2113; x_wconf 87' lang='lat' dir='ltr'>ejus,</span> <span class='ocrx_word' id='word_1_100' title='bbox 879 1997 1065 2072; x_wconf 89' lang='lat' dir='ltr'>heredibus</span> <span class='ocrx_word' id='word_1_101' title='bbox 1090 2014 1275 2071; x_wconf 90' lang='lat' dir='ltr'>eteorum</span> <span class='ocrx_word' id='word_1_102' title='bbox 1305 1996 1485 2096; x_wconf 85' lang='lat' dir='ltr'>assignatis</span> <span class='ocrx_word' id='word_1_103' title='bbox 1514 1997 1647 2098; x_wconf 89' lang='lat' dir='ltr'>imper-</span> 
     </span>
     <span class='ocr_line' id='line_1_15' title="bbox 439 2097 1647 2214; baseline 0 -43"><span class='ocrx_word' id='word_1_104' title='bbox 439 2115 613 2196; x_wconf 91' lang='lat' dir='ltr'>petuum:</span> <span class='ocrx_word' id='word_1_105' title='bbox 642 2097 801 2172; x_wconf 72' lang='lat' dir='ltr'>ffaciend‘</span> <span class='ocrx_word' id='word_1_106' title='bbox 832 2098 914 2172; x_wconf 94' lang='lat' dir='ltr'>inde</span> <span class='ocrx_word' id='word_1_107' title='bbox 943 2099 1131 2172; x_wconf 85' lang='lat' dir='ltr'>servicium</span> <span class='ocrx_word' id='word_1_108' title='bbox 1161 2099 1298 2173; x_wconf 91' lang='lat' dir='ltr'>domini</span> <span class='ocrx_word' id='word_1_109' title='bbox 1316 2099 1435 2214; x_wconf 88' lang='lat' dir='ltr'>Regis</span> <span class='ocrx_word' id='word_1_110' title='bbox 1459 2125 1540 2172; x_wconf 91' lang='lat' dir='ltr'>cum</span> <span class='ocrx_word' id='word_1_111' title='bbox 1557 2100 1647 2172; x_wconf 89' lang='lat' dir='ltr'>acci-</span> 
     </span>
     <span class='ocr_line' id='line_1_16' title="bbox 439 2198 1646 2296; baseline 0.002 -25"><span class='ocrx_word' id='word_1_112' title='bbox 439 2199 533 2272; x_wconf 89' lang='lat' dir='ltr'>derit</span> <span class='ocrx_word' id='word_1_113' title='bbox 549 2198 743 2273; x_wconf 90' lang='lat' dir='ltr'>secundum</span> <span class='ocrx_word' id='word_1_114' title='bbox 761 2199 1054 2274; x_wconf 87' lang='lat' dir='ltr'>consuetudinem</span> <span class='ocrx_word' id='word_1_115' title='bbox 1073 2215 1197 2296; x_wconf 88' lang='lat' dir='ltr'>portus</span> <span class='ocrx_word' id='word_1_116' title='bbox 1209 2198 1399 2274; x_wconf 86' lang='lat' dir='ltr'>antedicti:</span> <span class='ocrx_word' id='word_1_117' title='bbox 1428 2216 1464 2272; x_wconf 92' lang='lat' dir='ltr'>et</span> <span class='ocrx_word' id='word_1_118' title='bbox 1476 2199 1646 2274; x_wconf 87' lang='lat' dir='ltr'>reddend’</span> 
     </span>
     <span class='ocr_line' id='line_1_17' title="bbox 439 2297 1647 2400; baseline 0.002 -28"><span class='ocrx_word' id='word_1_119' title='bbox 439 2300 521 2374; x_wconf 90' lang='lat' dir='ltr'>inde</span> <span class='ocrx_word' id='word_1_120' title='bbox 538 2299 721 2390; x_wconf 82' lang='lat' dir='ltr'>annuatim</span> <span class='ocrx_word' id='word_1_121' title='bbox 738 2301 782 2373; x_wconf 88' lang='lat' dir='ltr'>ad</span> <span class='ocrx_word' id='word_1_122' title='bbox 799 2297 930 2374; x_wconf 87' lang='lat' dir='ltr'>festum</span> <span class='ocrx_word' id='word_1_123' title='bbox 949 2300 1156 2375; x_wconf 80' lang='lat' dir='ltr'>Natiuitatis</span> <span class='ocrx_word' id='word_1_124' title='bbox 1171 2301 1287 2374; x_wconf 89' lang='lat' dir='ltr'>Sancti</span> <span class='ocrx_word' id='word_1_125' title='bbox 1300 2299 1472 2394; x_wconf 80' lang='lat' dir='ltr'>Johannis</span> <span class='ocrx_word' id='word_1_126' title='bbox 1492 2301 1647 2400; x_wconf 86' lang='lat' dir='ltr'>Baptiste</span> 
     </span>
     <span class='ocr_line' id='line_1_18' title="bbox 440 2383 1648 2517; baseline 0 -43"><span class='ocrx_word' id='word_1_127' title='bbox 440 2401 546 2475; x_wconf 92' lang='lat' dir='ltr'>michi</span> <span class='ocrx_word' id='word_1_128' title='bbox 577 2383 738 2500; x_wconf 90' lang='lat' dir='ltr'>predicto</span> <span class='ocrx_word' id='word_1_129' title='bbox 766 2401 920 2490; x_wconf 86' lang='lat' dir='ltr'>Thome‚</span> <span class='ocrx_word' id='word_1_130' title='bbox 951 2400 1136 2474; x_wconf 88' lang='lat' dir='ltr'>heredibus</span> <span class='ocrx_word' id='word_1_131' title='bbox 1165 2417 1201 2474; x_wconf 94' lang='lat' dir='ltr'>et</span> <span class='ocrx_word' id='word_1_132' title='bbox 1230 2401 1437 2517; x_wconf 39' lang='lat' dir='ltr'>assignatis·</span> <span class='ocrx_word' id='word_1_133' title='bbox 1441 2401 1538 2493; x_wconf 88' lang='lat' dir='ltr'>meis,</span> <span class='ocrx_word' id='word_1_134' title='bbox 1556 2402 1648 2476; x_wconf 91' lang='lat' dir='ltr'>duos</span> 
     </span>
     <span class='ocr_line' id='line_1_19' title="bbox 440 2501 1646 2604; baseline 0.002 -31"><span class='ocrx_word' id='word_1_135' title='bbox 440 2503 571 2576; x_wconf 89' lang='lat' dir='ltr'>solidos</span> <span class='ocrx_word' id='word_1_136' title='bbox 587 2501 699 2587; x_wconf 89' lang='lat' dir='ltr'>liberi,</span> <span class='ocrx_word' id='word_1_137' title='bbox 718 2503 888 2600; x_wconf 89' lang='lat' dir='ltr'>perpetui,</span> <span class='ocrx_word' id='word_1_138' title='bbox 907 2517 942 2574; x_wconf 89' lang='lat' dir='ltr'>et</span> <span class='ocrx_word' id='word_1_139' title='bbox 966 2502 1122 2576; x_wconf 86' lang='lat' dir='ltr'>annualis</span> <span class='ocrx_word' id='word_1_140' title='bbox 1147 2502 1332 2577; x_wconf 89' lang='lat' dir='ltr'>redditus:</span> <span class='ocrx_word' id='word_1_141' title='bbox 1359 2502 1440 2575; x_wconf 87' lang='lat' dir='ltr'>etsi</span> <span class='ocrx_word' id='word_1_142' title='bbox 1464 2503 1646 2604; x_wconf 83' lang='lat' dir='ltr'>contingat</span> 
     </span>
     <span class='ocr_line' id='line_1_20' title="bbox 439 2601 1645 2704; baseline 0.001 -28"><span class='ocrx_word' id='word_1_143' title='bbox 439 2603 575 2676; x_wconf 92' lang='lat' dir='ltr'>dictum</span> <span class='ocrx_word' id='word_1_144' title='bbox 593 2601 772 2677; x_wconf 89' lang='lat' dir='ltr'>redditum</span> <span class='ocrx_word' id='word_1_145' title='bbox 790 2601 976 2676; x_wconf 84' lang='lat' dir='ltr'>annualem</span> <span class='ocrx_word' id='word_1_146' title='bbox 998 2603 1292 2702; x_wconf 86' lang='lat' dir='ltr'>predictorum&#39;&#39;</span> <span class='ocrx_word' id='word_1_147' title='bbox 1271 2627 1342 2704; x_wconf 89' lang='lat' dir='ltr'>1Js.</span> <span class='ocrx_word' id='word_1_148' title='bbox 1314 2619 1484 2676; x_wconf 78' lang='lat' dir='ltr'>saretro</span> <span class='ocrx_word' id='word_1_149' title='bbox 1508 2602 1618 2676; x_wconf 88' lang='lat' dir='ltr'>fore</span> <span class='ocrx_word' id='word_1_150' title='bbox 1609 2629 1645 2677; x_wconf 92' lang='lat' dir='ltr'>m</span> 
     </span>
     <span class='ocr_line' id='line_1_21' title="bbox 439 2702 1648 2803; baseline 0.002 -28"><span class='ocrx_word' id='word_1_151' title='bbox 439 2719 537 2803; x_wconf 88' lang='lat' dir='ltr'>parte</span> <span class='ocrx_word' id='word_1_152' title='bbox 566 2702 661 2776; x_wconf 90' lang='lat' dir='ltr'>vel</span> <span class='ocrx_word' id='word_1_153' title='bbox 651 2729 689 2776; x_wconf 90' lang='lat' dir='ltr'>m</span> <span class='ocrx_word' id='word_1_154' title='bbox 719 2719 797 2777; x_wconf 90' lang='lat' dir='ltr'>toto</span> <span class='ocrx_word' id='word_1_155' title='bbox 826 2703 948 2803; x_wconf 89' lang='lat' dir='ltr'>aliquo</span> <span class='ocrx_word' id='word_1_156' title='bbox 976 2729 1070 2777; x_wconf 86' lang='lat' dir='ltr'>anno</span> <span class='ocrx_word' id='word_1_157' title='bbox 1099 2719 1179 2802; x_wconf 94' lang='lat' dir='ltr'>post</span> <span class='ocrx_word' id='word_1_158' title='bbox 1209 2703 1342 2778; x_wconf 87' lang='lat' dir='ltr'>festum</span> <span class='ocrx_word' id='word_1_159' title='bbox 1361 2704 1442 2777; x_wconf 90' lang='lat' dir='ltr'>inde</span> <span class='ocrx_word' id='word_1_160' title='bbox 1458 2703 1648 2779; x_wconf 82' lang='lat' dir='ltr'>solutionis</span> 
     </span>
     <span class='ocr_line' id='line_1_22' title="bbox 439 2803 1646 2904; baseline 0.002 -26"><span class='ocrx_word' id='word_1_161' title='bbox 439 2820 676 2903; x_wconf 89' lang='lat' dir='ltr'>prenotatum‚</span> <span class='ocrx_word' id='word_1_162' title='bbox 710 2819 795 2878; x_wconf 89' lang='lat' dir='ltr'>tunc</span> <span class='ocrx_word' id='word_1_163' title='bbox 829 2803 917 2878; x_wconf 90' lang='lat' dir='ltr'>bene</span> <span class='ocrx_word' id='word_1_164' title='bbox 949 2803 1068 2880; x_wconf 86' lang='lat' dir='ltr'>licebit</span> <span class='ocrx_word' id='word_1_165' title='bbox 1101 2805 1208 2880; x_wconf 91' lang='lat' dir='ltr'>michi</span> <span class='ocrx_word' id='word_1_166' title='bbox 1254 2804 1460 2904; x_wconf 84' lang='lat' dir='ltr'>supradicto</span> <span class='ocrx_word' id='word_1_167' title='bbox 1492 2807 1646 2895; x_wconf 86' lang='lat' dir='ltr'>Thome,</span> 
     </span>
     <span class='ocr_line' id='line_1_23' title="bbox 438 2904 1647 3022; baseline 0.002 -44"><span class='ocrx_word' id='word_1_168' title='bbox 438 2904 625 2980; x_wconf 89' lang='lat' dir='ltr'>heredibus</span> <span class='ocrx_word' id='word_1_169' title='bbox 652 2921 689 2979; x_wconf 92' lang='lat' dir='ltr'>et</span> <span class='ocrx_word' id='word_1_170' title='bbox 719 2906 901 3022; x_wconf 72' lang='lat' dir='ltr'>assignatis</span> <span class='ocrx_word' id='word_1_171' title='bbox 931 2906 1032 2997; x_wconf 90' lang='lat' dir='ltr'>meis,</span> <span class='ocrx_word' id='word_1_172' title='bbox 1058 2907 1094 2980; x_wconf 93' lang='lat' dir='ltr'>in</span> <span class='ocrx_word' id='word_1_173' title='bbox 1121 2905 1313 3004; x_wconf 77' lang='lat' dir='ltr'>predictam</span> <span class='ocrx_word' id='word_1_174' title='bbox 1344 2905 1528 3004; x_wconf 81' lang='lat' dir='ltr'>parcellam</span> <span class='ocrx_word' id='word_1_175' title='bbox 1555 2923 1647 2981; x_wconf 89' lang='lat' dir='ltr'>terre</span> 
     </span>
     <span class='ocr_line' id='line_1_24' title="bbox 439 3006 1647 3107; baseline 0.002 -27"><span class='ocrx_word' id='word_1_176' title='bbox 439 3032 522 3082; x_wconf 92' lang='lat' dir='ltr'>cum</span> <span class='ocrx_word' id='word_1_177' title='bbox 539 3006 764 3106; x_wconf 87' lang='lat' dir='ltr'>pertinenciis</span> <span class='ocrx_word' id='word_1_178' title='bbox 779 3008 1001 3107; x_wconf 84' lang='lat' dir='ltr'>distringere,</span> <span class='ocrx_word' id='word_1_179' title='bbox 1017 3025 1053 3083; x_wconf 88' lang='lat' dir='ltr'>et</span> <span class='ocrx_word' id='word_1_180' title='bbox 1075 3007 1314 3082; x_wconf 90' lang='lat' dir='ltr'>districciones</span> <span class='ocrx_word' id='word_1_181' title='bbox 1336 3021 1453 3106; x_wconf 88' lang='lat' dir='ltr'>captas</span> <span class='ocrx_word' id='word_1_182' title='bbox 1476 3007 1647 3084; x_wconf 88' lang='lat' dir='ltr'>abducere</span> 
     </span>
     <span class='ocr_line' id='line_1_25' title="bbox 438 3107 1647 3224; baseline 0.001 -42"><span class='ocrx_word' id='word_1_183' title='bbox 438 3125 616 3209; x_wconf 90' lang='lat' dir='ltr'>asportare</span> <span class='ocrx_word' id='word_1_184' title='bbox 633 3126 669 3184; x_wconf 88' lang='lat' dir='ltr'>et</span> <span class='ocrx_word' id='word_1_185' title='bbox 685 3107 835 3184; x_wconf 88' lang='lat' dir='ltr'>retinere</span> <span class='ocrx_word' id='word_1_186' title='bbox 851 3110 964 3183; x_wconf 90' lang='lat' dir='ltr'>donec</span> <span class='ocrx_word' id='word_1_187' title='bbox 980 3110 1024 3182; x_wconf 90' lang='lat' dir='ltr'>de</span> <span class='ocrx_word' id='word_1_188' title='bbox 1047 3110 1206 3224; x_wconf 89' lang='lat' dir='ltr'>predicto</span> <span class='ocrx_word' id='word_1_189' title='bbox 1232 3107 1374 3182; x_wconf 88' lang='lat' dir='ltr'>redditu</span> <span class='ocrx_word' id='word_1_190' title='bbox 1400 3123 1516 3182; x_wconf 88' lang='lat' dir='ltr'>aretro</span> <span class='ocrx_word' id='word_1_191' title='bbox 1539 3109 1647 3183; x_wconf 86' lang='lat' dir='ltr'>exist-</span> 
     </span>
     <span class='ocr_line' id='line_1_26' title="bbox 437 3209 1646 3326; baseline 0.002 -44"><span class='ocrx_word' id='word_1_192' title='bbox 437 3227 529 3300; x_wconf 87' lang='lat' dir='ltr'>ente,</span> <span class='ocrx_word' id='word_1_193' title='bbox 556 3237 625 3285; x_wconf 90' lang='lat' dir='ltr'>una</span> <span class='ocrx_word' id='word_1_194' title='bbox 649 3236 732 3283; x_wconf 90' lang='lat' dir='ltr'>cum</span> <span class='ocrx_word' id='word_1_195' title='bbox 755 3210 837 3283; x_wconf 92' lang='lat' dir='ltr'>inde</span> <span class='ocrx_word' id='word_1_196' title='bbox 855 3210 1040 3326; x_wconf 87' lang='lat' dir='ltr'>dampnis</span> <span class='ocrx_word' id='word_1_197' title='bbox 1043 3209 1222 3284; x_wconf 87' lang='lat' dir='ltr'>occasione</span> <span class='ocrx_word' id='word_1_198' title='bbox 1247 3209 1466 3283; x_wconf 81' lang='lat' dir='ltr'>detentionis</span> <span class='ocrx_word' id='word_1_199' title='bbox 1490 3209 1646 3326; x_wconf 79' lang='lat' dir='ltr'>eJusdem</span> 
     </span>
     <span class='ocr_line' id='line_1_27' title="bbox 438 3309 1645 3426; baseline 0 -42"><span class='ocrx_word' id='word_1_200' title='bbox 438 3311 577 3399; x_wconf 89' lang='lat' dir='ltr'>habitis,</span> <span class='ocrx_word' id='word_1_201' title='bbox 616 3311 769 3426; x_wconf 88' lang='lat' dir='ltr'>plenarie</span> <span class='ocrx_word' id='word_1_202' title='bbox 805 3309 974 3385; x_wconf 87' lang='lat' dir='ltr'>satisfiat:</span> <span class='ocrx_word' id='word_1_203' title='bbox 1014 3312 1043 3383; x_wconf 94' lang='lat' dir='ltr'>si</span> <span class='ocrx_word' id='word_1_204' title='bbox 1082 3335 1166 3384; x_wconf 90' lang='lat' dir='ltr'>vero</span> <span class='ocrx_word' id='word_1_205' title='bbox 1202 3309 1418 3411; x_wconf 86' lang='lat' dir='ltr'>contingerit</span> <span class='ocrx_word' id='word_1_206' title='bbox 1448 3311 1645 3409; x_wconf 90' lang='lat' dir='ltr'>predictum</span> 
     </span>
     <span class='ocr_line' id='line_1_28' title="bbox 437 3369 1646 3511; baseline 0 -26"><span class='ocrx_word' id='word_1_207' title='bbox 437 3369 623 3485; x_wconf 89' lang='lat' dir='ltr'>annualem</span> <span class='ocrx_word' id='word_1_208' title='bbox 651 3411 832 3486; x_wconf 89' lang='lat' dir='ltr'>redditum</span> <span class='ocrx_word' id='word_1_209' title='bbox 859 3410 1064 3484; x_wconf 87' lang='lat' dir='ltr'>duorum&#39;&#39;</span> <span class='ocrx_word' id='word_1_210' title='bbox 1042 3435 1065 3511; x_wconf 84' lang='lat' dir='ltr'>rJ</span> <span class='ocrx_word' id='word_1_211' title='bbox 1093 3436 1120 3483; x_wconf 87' lang='lat' dir='ltr'>s.</span> <span class='ocrx_word' id='word_1_212' title='bbox 1148 3412 1345 3486; x_wconf 89' lang='lat' dir='ltr'>solidorum</span> <span class='ocrx_word' id='word_1_213' title='bbox 1369 3411 1417 3510; x_wconf 84' lang='lat' dir='ltr'>[l]</span> <span class='ocrx_word' id='word_1_214' title='bbox 1437 3430 1554 3486; x_wconf 89' lang='lat' dir='ltr'>aretro</span> <span class='ocrx_word' id='word_1_215' title='bbox 1570 3411 1646 3486; x_wconf 87' lang='lat' dir='ltr'>fore</span> 
     </span>
     <span class='ocr_line' id='line_1_29' title="bbox 439 3511 1647 3611; baseline 0.002 -26"><span class='ocrx_word' id='word_1_216' title='bbox 439 3538 649 3611; x_wconf 89' lang='lat' dir='ltr'>perannum</span> <span class='ocrx_word' id='word_1_217' title='bbox 667 3530 703 3586; x_wconf 90' lang='lat' dir='ltr'>et</span> <span class='ocrx_word' id='word_1_218' title='bbox 719 3511 754 3585; x_wconf 85' lang='lat' dir='ltr'>xl</span> <span class='ocrx_word' id='word_1_219' title='bbox 772 3511 847 3584; x_wconf 88' lang='lat' dir='ltr'>dies</span> <span class='ocrx_word' id='word_1_220' title='bbox 865 3528 945 3609; x_wconf 88' lang='lat' dir='ltr'>post</span> <span class='ocrx_word' id='word_1_221' title='bbox 963 3512 1101 3586; x_wconf 89' lang='lat' dir='ltr'>dictum</span> <span class='ocrx_word' id='word_1_222' title='bbox 1118 3511 1202 3586; x_wconf 90' lang='lat' dir='ltr'>inde</span> <span class='ocrx_word' id='word_1_223' title='bbox 1228 3511 1360 3586; x_wconf 87' lang='lat' dir='ltr'>festum</span> <span class='ocrx_word' id='word_1_224' title='bbox 1385 3511 1585 3602; x_wconf 89' lang='lat' dir='ltr'>solucionis‚</span> <span class='ocrx_word' id='word_1_225' title='bbox 1611 3530 1647 3588; x_wconf 90' lang='lat' dir='ltr'>et</span> 
     </span>
     <span class='ocr_line' id='line_1_30' title="bbox 437 3611 1648 3688; baseline 0 0"><span class='ocrx_word' id='word_1_226' title='bbox 437 3613 617 3688; x_wconf 88' lang='lat' dir='ltr'>districcio</span> <span class='ocrx_word' id='word_1_227' title='bbox 632 3613 806 3687; x_wconf 90' lang='lat' dir='ltr'>sufficiens</span> <span class='ocrx_word' id='word_1_228' title='bbox 822 3614 867 3686; x_wconf 84' lang='lat' dir='ltr'>ad</span> <span class='ocrx_word' id='word_1_229' title='bbox 880 3615 1035 3686; x_wconf 89' lang='lat' dir='ltr'>valorem</span> <span class='ocrx_word' id='word_1_230' title='bbox 1052 3611 1138 3686; x_wconf 93' lang='lat' dir='ltr'>dicti</span> <span class='ocrx_word' id='word_1_231' title='bbox 1159 3614 1318 3688; x_wconf 89' lang='lat' dir='ltr'>redditus</span> <span class='ocrx_word' id='word_1_232' title='bbox 1335 3630 1452 3687; x_wconf 88' lang='lat' dir='ltr'>aretro</span> <span class='ocrx_word' id='word_1_233' title='bbox 1469 3615 1648 3688; x_wconf 84' lang='lat' dir='ltr'>existentis</span> 
     </span>
     <span class='ocr_line' id='line_1_31' title="bbox 437 3712 1648 3815; baseline 0 -26"><span class='ocrx_word' id='word_1_234' title='bbox 437 3717 473 3790; x_wconf 89' lang='lat' dir='ltr'>in</span> <span class='ocrx_word' id='word_1_235' title='bbox 492 3715 648 3813; x_wconf 89' lang='lat' dir='ltr'>predicta</span> <span class='ocrx_word' id='word_1_236' title='bbox 665 3712 813 3813; x_wconf 89' lang='lat' dir='ltr'>parcella</span> <span class='ocrx_word' id='word_1_237' title='bbox 830 3730 1015 3788; x_wconf 81' lang='lat' dir='ltr'>terrerum</span> <span class='ocrx_word' id='word_1_238' title='bbox 1036 3713 1260 3811; x_wconf 88' lang='lat' dir='ltr'>pertinenciis</span> <span class='ocrx_word' id='word_1_239' title='bbox 1280 3741 1347 3815; x_wconf 86' lang='lat' dir='ltr'>neq</span> <span class='ocrx_word' id='word_1_240' title='bbox 1420 3741 1501 3790; x_wconf 88' lang='lat' dir='ltr'>uam</span> <span class='ocrx_word' id='word_1_241' title='bbox 1519 3715 1648 3814; x_wconf 90' lang='lat' dir='ltr'>reperi-</span> 
     </span>
     <span class='ocr_line' id='line_1_32' title="bbox 437 3813 1646 3913; baseline 0 -23"><span class='ocrx_word' id='word_1_242' title='bbox 437 3833 526 3906; x_wconf 90' lang='lat' dir='ltr'>atur,</span> <span class='ocrx_word' id='word_1_243' title='bbox 544 3833 630 3890; x_wconf 92' lang='lat' dir='ltr'>tunc</span> <span class='ocrx_word' id='word_1_244' title='bbox 647 3814 734 3888; x_wconf 91' lang='lat' dir='ltr'>bene</span> <span class='ocrx_word' id='word_1_245' title='bbox 751 3813 871 3889; x_wconf 89' lang='lat' dir='ltr'>licebit</span> <span class='ocrx_word' id='word_1_246' title='bbox 888 3815 994 3888; x_wconf 91' lang='lat' dir='ltr'>michi</span> <span class='ocrx_word' id='word_1_247' title='bbox 1012 3815 1216 3913; x_wconf 86' lang='lat' dir='ltr'>supradicto</span> <span class='ocrx_word' id='word_1_248' title='bbox 1232 3816 1387 3905; x_wconf 87' lang='lat' dir='ltr'>Thome,</span> <span class='ocrx_word' id='word_1_249' title='bbox 1430 3817 1591 3891; x_wconf 87' lang='lat' dir='ltr'>eredibus</span> <span class='ocrx_word' id='word_1_250' title='bbox 1610 3834 1646 3890; x_wconf 92' lang='lat' dir='ltr'>et</span> 
     </span>
     <span class='ocr_line' id='line_1_33' title="bbox 436 3915 1648 4031; baseline 0 -40"><span class='ocrx_word' id='word_1_251' title='bbox 436 3917 619 4016; x_wconf 85' lang='lat' dir='ltr'>assignatis</span> <span class='ocrx_word' id='word_1_252' title='bbox 636 3915 733 4004; x_wconf 89' lang='lat' dir='ltr'>meis,</span> <span class='ocrx_word' id='word_1_253' title='bbox 753 3915 789 3988; x_wconf 89' lang='lat' dir='ltr'>in</span> <span class='ocrx_word' id='word_1_254' title='bbox 806 3915 1000 4031; x_wconf 84' lang='lat' dir='ltr'>predictam</span> <span class='ocrx_word' id='word_1_255' title='bbox 1019 3915 1205 4015; x_wconf 90' lang='lat' dir='ltr'>parcellam</span> <span class='ocrx_word' id='word_1_256' title='bbox 1223 3933 1314 3990; x_wconf 89' lang='lat' dir='ltr'>terre</span> <span class='ocrx_word' id='word_1_257' title='bbox 1330 3942 1413 3990; x_wconf 92' lang='lat' dir='ltr'>cum</span> <span class='ocrx_word' id='word_1_258' title='bbox 1426 3918 1648 4015; x_wconf 84' lang='lat' dir='ltr'>pertinenciis</span> 
     </span>
     <span class='ocr_line' id='line_1_34' title="bbox 438 4015 1646 4135; baseline 0 -43"><span class='ocrx_word' id='word_1_259' title='bbox 438 4021 475 4092; x_wconf 90' lang='lat' dir='ltr'>in</span> <span class='ocrx_word' id='word_1_260' title='bbox 500 4041 809 4133; x_wconf 81' lang='lat' dir='ltr'>quorumcumque</span> <span class='ocrx_word' id='word_1_261' title='bbox 833 4042 958 4091; x_wconf 88' lang='lat' dir='ltr'>manus</span> <span class='ocrx_word' id='word_1_262' title='bbox 983 4015 1217 4115; x_wconf 87' lang='lat' dir='ltr'>imposterum</span> <span class='ocrx_word' id='word_1_263' title='bbox 1248 4017 1439 4106; x_wconf 86' lang='lat' dir='ltr'>devenerit,</span> <span class='ocrx_word' id='word_1_264' title='bbox 1460 4019 1646 4135; x_wconf 83' lang='lat' dir='ltr'>reingredi,</span> 
     </span>
     <span class='ocr_line' id='line_1_35' title="bbox 437 4117 1647 4232; baseline 0 -39"><span class='ocrx_word' id='word_1_265' title='bbox 437 4137 473 4193; x_wconf 92' lang='lat' dir='ltr'>et</span> <span class='ocrx_word' id='word_1_266' title='bbox 489 4145 566 4193; x_wconf 91' lang='lat' dir='ltr'>eam</span> <span class='ocrx_word' id='word_1_267' title='bbox 584 4117 759 4232; x_wconf 73' lang='lat' dir='ltr'>reseisire,</span> <span class='ocrx_word' id='word_1_268' title='bbox 767 4133 804 4190; x_wconf 91' lang='lat' dir='ltr'>et</span> <span class='ocrx_word' id='word_1_269' title='bbox 821 4142 927 4216; x_wconf 90' lang='lat' dir='ltr'>penes</span> <span class='ocrx_word' id='word_1_270' title='bbox 944 4143 1011 4207; x_wconf 92' lang='lat' dir='ltr'>me,</span> <span class='ocrx_word' id='word_1_271' title='bbox 1036 4119 1180 4193; x_wconf 85' lang='lat' dir='ltr'>heredes</span> <span class='ocrx_word' id='word_1_272' title='bbox 1205 4134 1241 4192; x_wconf 90' lang='lat' dir='ltr'>et</span> <span class='ocrx_word' id='word_1_273' title='bbox 1266 4118 1459 4218; x_wconf 85' lang='lat' dir='ltr'>assignatos</span> <span class='ocrx_word' id='word_1_274' title='bbox 1484 4145 1593 4208; x_wconf 91' lang='lat' dir='ltr'>meos,</span> <span class='ocrx_word' id='word_1_275' title='bbox 1610 4120 1647 4193; x_wconf 94' lang='lat' dir='ltr'>in</span> 
     </span>
     <span class='ocr_line' id='line_1_36' title="bbox 436 4217 1648 4319; baseline 0 -25"><span class='ocrx_word' id='word_1_276' title='bbox 436 4246 517 4294; x_wconf 90' lang='lat' dir='ltr'>meo</span> <span class='ocrx_word' id='word_1_277' title='bbox 541 4237 636 4294; x_wconf 85' lang='lat' dir='ltr'>statu</span> <span class='ocrx_word' id='word_1_278' title='bbox 661 4219 811 4318; x_wconf 90' lang='lat' dir='ltr'>pristino</span> <span class='ocrx_word' id='word_1_279' title='bbox 838 4217 933 4292; x_wconf 86' lang='lat' dir='ltr'>illam</span> <span class='ocrx_word' id='word_1_280' title='bbox 960 4219 1113 4318; x_wconf 85' lang='lat' dir='ltr'>recipere</span> <span class='ocrx_word' id='word_1_281' title='bbox 1136 4237 1170 4293; x_wconf 92' lang='lat' dir='ltr'>et</span> <span class='ocrx_word' id='word_1_282' title='bbox 1190 4219 1453 4319; x_wconf 86' lang='lat' dir='ltr'>imperpetuum</span> <span class='ocrx_word' id='word_1_283' title='bbox 1471 4221 1648 4318; x_wconf 87' lang='lat' dir='ltr'>possidere</span> 
     </span>
    </p>
   </div>
   <div class='ocr_carea' id='block_1_4' title="bbox 835 4351 1233 4415">
    <p class='ocr_par' dir='ltr' id='par_1_5' title="bbox 835 4351 1233 4415">
     <span class='ocr_line' id='line_1_37' title="bbox 835 4351 1233 4415; baseline 0.003 -2"><span class='ocrx_word' id='word_1_284' title='bbox 835 4351 854 4390; x_wconf 63' lang='lat'><strong>⁴</strong></span> <span class='ocrx_word' id='word_1_285' title='bbox 866 4353 933 4413; x_wconf 87' lang='lat' dir='ltr'>Left</span> <span class='ocrx_word' id='word_1_286' title='bbox 948 4354 1056 4413; x_wconf 83' lang='lat' dir='ltr'>blanl&#39;</span> <span class='ocrx_word' id='word_1_287' title='bbox 1049 4375 1080 4413; x_wconf 91' lang='lat' dir='ltr'>m</span> <span class='ocrx_word' id='word_1_288' title='bbox 1097 4357 1146 4414; x_wconf 91' lang='lat' dir='ltr'>the</span> <span class='ocrx_word' id='word_1_289' title='bbox 1164 4353 1233 4415; x_wconf 87' lang='lat' dir='ltr'>MS.</span> 
     </span>
    </p>
   </div>
   <div class='ocr_carea' id='block_1_5' title="bbox 0 0 1868 5258">
    <p class='ocr_par' dir='ltr' id='par_1_6' title="bbox 0 0 1868 5258">
     <span class='ocr_line' id='line_1_38' title="bbox 0 0 1868 5258; baseline 0 0"><span class='ocrx_word' id='word_1_290' title='bbox 0 0 1868 5258; x_wconf 95' lang='lat' dir='ltr'> </span> 
     </span>
    </p>
   </div>
  </div>
 </body>
</html>
