3702 5254
446 479 517 570 298
804 473 986 548 novas
1012 474 1292 551 cunxrsxs

443 677 663 776 episcopatus
674 676 838 765 Abbatie,
855 677 1049 768 prioratus,
1063 678 1228 779 Collegii,
1237 679 1424 777 hospitalis
1434 703 1495 751 seu
1508 676 1653 750 alterius

444 777 574 851 domus
608 780 664 878 pie
697 778 858 877 religiose
891 778 966 853 sive
1003 780 1230 853 ecclesiastice
1268 781 1536 881 cujuscumque,
1570 795 1653 851 ante

468 879 644 953 redictum
674 879 883 952 vicesimum
911 881 1061 954 tercium
1095 881 1202 974 diem,
1233 907 1296 980 per
1330 881 1424 979 ipsos
1458 880 1652 980 Majorem,

444 905 632 1070 ballivum,
661 994 698 1053 et
723 980 1039 1069 Communitatem,
1066 981 1122 1056 vel
1147 1007 1209 1081 per
1235 1007 1497 1082 quemcumque
1531 980 1651 1066 alium,

443 1079 500 1153 vel
524 1079 622 1171 alios,
649 1079 757 1154 factas
781 1107 842 1154 seu
869 1082 1012 1156 habitas.
1066 1083 1341 1158 Paxooxnxus
1367 1083 1475 1156 eciam
1499 1080 1652 1154 remitti-

444 1206 524 1254 mus
550 1199 586 1254 et
612 1182 808 1255 relaxamus
835 1208 898 1280 per
922 1199 1100 1282 presentes
1126 1183 1259 1258 eisdem
1283 1183 1429 1285 Majori,
1448 1182 1597 1271 Ballivo,
1615 1201 1651 1255 et

443 1282 714 1370 Communitati,
751 1308 874 1356 omnes
902 1301 939 1356 et
967 1284 1190 1358 omnimodas
1220 1286 1399 1382 captiones
1432 1285 1653 1384 recepciones

443 1385 689 1484 percepciones
742 1403 778 1458 et
819 1384 1044 1460 detenciones
1092 1411 1403 1486 quorumcumque
1444 1386 1651 1460 reddituum

441 1485 604 1560 exituum
621 1485 862 1585 proficuorum
879 1503 914 1558 et
931 1486 1181 1561 revencionum
1194 1488 1356 1562 omnium
1373 1505 1410 1560 ct
1426 1487 1651 1586 singulorum

443 1603 613 1660 terrarum
632 1602 668 1659 et
685 1603 969 1660 tenementorum
986 1605 1022 1660 et
1046 1589 1404 1662 hereditamentorum
1422 1589 1650 1686 proditorum

444 1687 719 1776 murdratorum,
762 1687 1029 1778 homicidarum,
1081 1687 1252 1778 felonum,
1303 1690 1535 1763 attinctorum
1587 1713 1650 1761 seu

444 1789 701 1876 convictorum,
714 1806 750 1861 et
767 1789 918 1862 aliorum
930 1815 1240 1890 quorumcumque
1250 1789 1424 1878 felonum,
1442 1789 1650 1864 clericorum

442 1889 674 1964 attinctorum
701 1906 737 1963 et
764 1890 971 1964 clericorum
997 1892 1254 1984 convictorum,
1273 1893 1514 1992 utlagatorum
1533 1890 1650 1965 waivi-

442 2006 498 2063 ata
522 1987 759 2089 fugitivorum
793 2006 829 2063 et
859 1990 1018 2066 felonum
1056 1992 1100 2066 de
1133 2017 1180 2082 se,
1207 2009 1244 2066 et
1273 1994 1309 2065 in
1342 1993 1514 2092 exigenda
1535 1992 1652 2091 posita

443 2090 636 2181 deodanda,
680 2091 885 2166 thesaurum
928 2093 1126 2184 inventum,
1170 2119 1344 2168 wreccum
1379 2094 1495 2180 maris,
1530 2091 1651 2166 catalla

442 2191 602 2265 waiviata
633 2208 670 2264 et
711 2192 851 2266 straiata
884 2193 986 2266 nobis
1026 2195 1332 2295 qualitercumque
1365 2195 1555 2292 spectantia
1588 2219 1651 2266 seu

443 2290 677 2380 forisfactura,
691 2318 761 2392 que
773 2295 817 2368 ad
828 2319 955 2367 manus
964 2295 1038 2369 sive
1048 2295 1303 2394 possessionem
1316 2296 1474 2393 ipsorum
1486 2295 1650 2396 Majoris‚

443 2393 582 2481 Ballivi,
600 2410 635 2466 et
655 2394 943 2484 Communitatis,
961 2413 1040 2469 ante
1057 2397 1258 2495 predictum
1276 2397 1483 2470 vicesimum
1502 2397 1651 2469 tercium

442 2493 537 2566 diem
554 2493 702 2593 Aprilis,
720 2495 777 2567 vel
802 2497 846 2570 ad
862 2520 987 2570 eorum
1006 2521 1112 2571 usum
1137 2498 1257 2598 aliquo
1274 2499 1383 2572 modo
1403 2497 1648 2585 devenerunt;

442 2619 481 2667 ac
497 2619 537 2666 ea
559 2595 678 2668 omnia
701 2613 737 2668 et
761 2597 900 2696 singula
919 2597 1080 2672 redditus
1104 2599 1221 2673 exitus
1245 2599 1404 2697 proficua
1424 2599 1651 2672 revenciones

443 2694 535 2768 bona
552 2694 674 2769 catalla
690 2713 726 2770 et
738 2698 855 2771 debita
867 2698 1001 2773 eisdem
1015 2699 1159 2801 Majori,
1174 2699 1322 2794 Ballivo,
1333 2717 1369 2773 et
1380 2699 1647 2786 Communitati,

441 2796 567 2870 damus
599 2814 635 2870 et
665 2799 891 2873 concedimus
916 2824 978 2898 per
1008 2816 1185 2898 presentes
1214 2801 1362 2875 habend’
1391 2802 1456 2874 sibi
1482 2801 1527 2875 de
1552 2802 1651 2875 dono

442 2914 565 2971 nostro
602 2897 733 2999 absque
774 2917 943 2998 compoto
975 2925 1037 2975 seu
1080 2902 1199 3001 aliquo
1232 2901 1300 2975 alio
1333 2903 1432 2977 inde·
1457 2900 1559 2977 nobis
1591 2902 1648 2976 vel

442 2997 631 3073 heredibus
665 3001 795 3074 nostris
827 3001 997 3075 reddend'
1030 3003 1188 3077 solvend'
1224 3006 1279 3077 vel
1322 3001 1482 3078 faciend’.
1550 3003 1647 3076 Psa-

445 3123 631 3177 nonnuus
661 3101 805 3200 insuper
832 3103 1047 3175 remittimus
1071 3120 1106 3176 et
1131 3105 1326 3178 relaxamus
1351 3105 1483 3178 eisdem
1502 3104 1647 3205 Majori,

443 3199 593 3290 Ballivo,
610 3216 647 3275 et
677 3201 936 3277 Communitati
965 3228 1089 3276 omnes
1115 3219 1150 3276 et
1185 3207 1406 3280 omnimodas
1434 3207 1650 3279 intrusiones

441 3319 477 3374 et
494 3303 784 3402 transgressiones
802 3304 1010 3376 intraciones
1026 3321 1062 3377 et
1079 3305 1255 3404 ingressus
1266 3332 1328 3406 per
1345 3307 1439 3404 ipsos
1456 3307 1647 3407 Majorem,

442 3401 632 3492 Ballivum,
666 3419 702 3476 et
736 3402 1052 3496 Communitatem,
1089 3409 1143 3478 vel
1187 3433 1250 3506 per
1291 3407 1441 3507 aliquos,
1470 3409 1544 3481 sive
1586 3433 1649 3506 per

443 3500 597 3601 aliquem
622 3520 882 3578 antecessorum
907 3530 1065 3598 suorum,
1083 3525 1143 3580 aut
1169 3533 1231 3605 per
1257 3508 1300 3580 ali
1328 3534 1410 3582 uem
1436 3509 1556 3598 alium,
1574 3509 1648 3582 sive

441 3601 579 3702 aliquos
595 3603 681 3678 alios
697 3630 956 3706 quoscumque,
970 3606 1007 3680 in
1024 3608 1145 3682 omnia
1160 3624 1196 3681 et
1213 3535 1352 3710 singilla
1369 3611 1522 3683 maneria
1538 3627 1648 3684 terras

443 3719 647 3778 tenementa
692 3722 729 3778 et
762 3708 994 3804 possessiones
1025 3725 1062 3782 ct
1104 3709 1380 3785 hereditamenta
1421 3736 1648 3812 quecumque

443 3804 602 3902 ipsorum
638 3806 801 3907 Majoris,
837 3808 974 3900 Bnllivi,
1009 3826 1045 3884 et
1080 3811 1370 3906 Communitatis,
1413 3813 1508 3886 unde
1540 3810 1648 3886 iidem

444 3905 577 4006 Major,
613 3907 783 3998 Ballivus,
822 3908 875 4008 [et
918 3909 1180 4011 Communitas]
1209 3911 1275 3984 soli
1318 3912 1426 3985 seisiti
1470 3930 1531 3987 aut
1565 3939 1649 4011 pos-

441 4007 621 4080 scssionati
646 4006 802 4082 existunt
832 4011 907 4086 sive
929 4012 1147 4112 conjunctim
1173 4037 1256 4086 cum
1282 4013 1351 4086 alio
1377 4028 1440 4087 aut
1465 4015 1551 4103 aliis,
1585 4031 1649 4089 aut

442 4109 530 4180 alius
571 4106 628 4182 vel
664 4108 721 4181 alii
747 4110 790 4183 ad
834 4137 960 4186 eorum
997 4139 1103 4186 usum
1145 4113 1253 4187 scisiti
1287 4114 1362 4187 sive
1404 4116 1647 4212 possessionati

441 4209 610 4298 existunt,
645 4226 706 4282 aut
748 4211 887 4285 scisitus
926 4214 999 4288 sive
1034 4214 1314 4312 possessionatus
1355 4216 1484 4306 existit,
1520 4216 1649 4314 absque

443 4309 559 4384 debita
582 4309 791 4384 liberacione
825 4315 1072 4412 prosecutione
1105 4317 1178 4389 sive
1203 4317 1427 4390 restitutione
1452 4319 1648 4393 eorundem
