3748 5266
803 455 984 530 DOVER
1011 456 1291 531 CHARTERS

976 655 1130 735 LXV.

770 831 836 894 xix
860 829 1055 909 Februarii,
1080 803 1120 896 1's
1143 830 1234 897 nen.
1266 829 1327 896 vr.

448 985 700 1085 [H]aunrcus
726 985 783 1059 dei
810 987 926 1086 gracia
951 988 1029 1060 Rex
1049 987 1182 1086 Anglie
1198 1004 1234 1061 et
1252 986 1404 1078 ffrancie,
1422 1003 1458 1061 et
1476 985 1653 1059 Dominus

447 1085 634 1262 gibennie,
660 1086 839 1162 Omnibus
863 1087 907 1162 ad
933 1113 1023 1187 quos
1047 1105 1224 1186 presentes
1247 1089 1363 1163 littere
1381 1088 1654 1187 pervenerint-

504 1204 613 1262 utem.
1600 1243 1601 1246 ,

523 1290 656 1380 Sciatis,
711 1289 782 1362 uod
811 1315 892 1364 cum
919 1290 1040 1364 dilecti
1068 1291 1179 1364 nostri
1209 1290 1331 1393 Major
1355 1306 1392 1365 et
1410 1289 1655 1366 Communitas

448 1390 529 1464 ville
547 1408 665 1466 nostre
683 1315 848 1464 bovone
866 1391 967 1464 nobis
984 1416 1096 1489 nuper
1112 1391 1378 1482 intimaverunt,
1400 1407 1441 1466 ut
1468 1415 1549 1464 cum
1577 1415 1656 1489 per-

446 1517 531 1566 sone
561 1493 682 1568 villam
712 1491 906 1608 predictam
936 1492 1172 1566 inhabitantes
1201 1517 1322 1567 muros
1346 1494 1503 1594 ejusdem
1531 1507 1656 1566 contra

448 1593 580 1667 rabiem
600 1609 636 1666 et
656 1593 820 1668 seviciem
838 1594 943 1668 maris
959 1593 1103 1686 ibidem,
1131 1593 1266 1694 aliaque
1291 1620 1397 1667 onera
1421 1592 1657 1692 importabilia

449 1693 592 1794 prefatis
608 1693 885 1769 inhabitantibus
902 1722 967 1794 pro
983 1693 1186 1770 defensione
1204 1695 1286 1769 ville
1307 1696 1464 1794 predicte
1480 1695 1657 1794 imposita,

449 1822 607 1896 reparere
636 1812 672 1869 et
702 1811 928 1870 manutenere
956 1813 1140 1870 teneantur
1156 1796 1317 1870 similiter
1343 1815 1379 1871 et
1405 1797 1654 1896 astringantur,

449 1923 663 1998 quamquam
690 1921 730 1969 ea
755 1894 867 1970 facere
888 1898 1060 1998 nequiunt
1089 1923 1151 1972 nec
1176 1897 1355 1973 sufficiunt
1382 1899 1511 1998 quovis
1536 1897 1657 1986 modo,

449 2025 512 2098 per
528 1998 626 2098 quod
644 1998 737 2071 muri
756 1998 904 2096 predicti
923 2000 958 2073 in
975 1997 1155 2074 defectum
1175 2000 1406 2098 reparacionis
1422 2017 1458 2073 et
1475 2014 1658 2072 construc-

450 2100 561 2174 cionis
576 2099 773 2172 eorundem
790 2101 918 2174 dirruti
938 2116 1020 2174 sunt
1037 2117 1073 2173 et
1090 2101 1267 2200 prostrati,
1286 2101 1406 2201 sicque
1419 2125 1514 2174 mare
1526 2098 1656 2172 ibidem

450 2201 571 2275 villam
588 2216 745 2274 nostram
763 2200 954 2298 predictam
972 2227 1137 2300 processu
1165 2202 1334 2300 temporis
1360 2202 1597 2299 superundare
1621 2216 1657 2272 et

450 2305 631 2378 destruere
647 2299 857 2375 assimilatur
874 2303 939 2375 nisi
956 2328 1020 2400 per
1037 2329 1102 2376 nos
1118 2303 1225 2377 cicius
1241 2303 1416 2377 relevetur
1435 2319 1472 2376 et
1497 2325 1659 2375 succura-

451 2422 510 2478 tur
527 2433 535 2480 :
562 2405 620 2476 Ac
636 2402 696 2476 ubi
713 2429 733 2476 a
749 2419 908 2500 tempore
925 2428 999 2502 quo
1025 2405 1108 2477 villa
1120 2403 1220 2479 Cales
1237 2429 1301 2502 per
1321 2403 1477 2480 nobilem
1493 2402 1660 2503 progeni-

452 2522 567 2578 torem
592 2518 756 2578 nostrum
782 2502 1000 2578 Edwardum
1026 2523 1216 2606 conquesta
1239 2503 1310 2579 fuit
1328 2522 1365 2579 et
1381 2504 1553 2606 adquisita
1568 2527 1660 2604 quo-

453 2630 565 2705 usque
592 2606 657 2703 ipsi
685 2605 730 2680 de
757 2604 877 2680 eadem
906 2605 987 2679 villa
1014 2631 1128 2705 nuper
1154 2632 1221 2704 pro
1248 2608 1384 2708 magnis
1407 2605 1607 2704 sumptibus
1623 2620 1659 2677 et

453 2706 646 2805 deperditis
672 2730 711 2779 ac
737 2706 927 2794 aventuris,
954 2731 1023 2806 que
1051 2707 1116 2805 ipsi
1144 2707 1189 2781 de
1207 2723 1366 2804 tempore
1384 2709 1419 2780 in
1437 2725 1577 2804 tempus
1594 2731 1660 2804 pro

454 2807 722 2883 conversacione
746 2822 782 2880 et
807 2807 966 2881 custodia
990 2806 1138 2906 predicti
1160 2809 1307 2910 passagii
1325 2807 1455 2883 ibidem
1473 2824 1662 2906 supporta-

455 2925 550 3000 runt,
589 2907 767 2980 libertates
803 2923 841 2982 et
878 2905 1087 2982 franchesias
1116 2908 1369 3010 subsequenter
1398 2909 1596 2982 habuerunt
1625 2923 1662 2980 et

456 3025 645 3084 tenuerunt
662 3009 781 3109 eisque
799 3009 852 3082 usi
870 3007 1016 3082 fuerunt
1033 3026 1069 3082 et
1085 3011 1208 3110 gavisi,
1225 3009 1399 3100 videlicet,
1415 3011 1514 3110 quod
1535 3010 1599 3107 ipsi
1617 3009 1662 3082 de

456 3113 622 3187 Dovorra
639 3135 719 3184 cum
737 3110 895 3210 passagio
910 3135 976 3184 suo
993 3137 1016 3185 u
1063 3136 1105 3184 ue
1124 3111 1255 3185 dictam
1268 3111 1388 3186 villam
1406 3111 1518 3202 Cales,
1535 3127 1572 3183 et
1589 3135 1661 3182 non

455 3213 500 3286 ad
530 3214 638 3286 alium
667 3212 812 3300 locum;
839 3235 903 3284 nec
933 3211 999 3309 ipsi
1054 3237 1075 3284 e
1104 3211 1204 3286 Cales
1233 3237 1314 3285 cum
1343 3238 1410 3285 suo
1435 3211 1592 3312 passagio
1617 3211 1661 3284 ad

456 3314 563 3388 alium
588 3314 707 3386 locum
733 3325 958 3411 preterquam
983 3314 1027 3387 ad
1049 3312 1251 3386 Dovorram
1269 3313 1456 3386 transirent
1474 3338 1534 3387 seu
1551 3310 1664 3409 appli-

457 3431 586 3503 carent,
615 3413 682 3488 nisi
710 3413 776 3510 ipsi
803 3437 866 3510 per
892 3437 1056 3512 magnam
1083 3413 1139 3487 vel
1165 3415 1379 3488 subitaneam
1405 3428 1661 3513 tempestatem,

457 3516 513 3589 vel
531 3529 737 3613 preceptum
755 3513 920 3612 Regium,
939 3539 1001 3589 seu
1018 3512 1165 3588 frettum
1184 3517 1257 3588 sive
1282 3516 1545 3590 onustacionem
1571 3539 1664 3588 mer-

457 3616 619 3689 chandise
637 3639 705 3714 que
726 3614 770 3687 ad
790 3615 987 3714 passagium
1008 3640 1079 3688 non
1105 3617 1291 3713 pertinent,
1319 3617 1601 3715 impedirentur3
1626 3631 1664 3687 et

457 3715 557 3818 quod
584 3715 650 3813 ipsi
675 3716 720 3790 de
746 3715 911 3788 Dovorra
935 3715 1113 3816 integrum
1139 3715 1287 3791 frettum
1309 3719 1383 3792 sive
1399 3719 1664 3791 onustacionem

457 3835 493 3890 et
535 3815 710 3889 roficuum
728 3816 874 3917 passagii
892 3817 1003 3890 nostri
1021 3841 1060 3890 ac
1077 3819 1220 3892 navium
1242 3844 1363 3892 versus
1387 3819 1518 3893 dictam
1543 3815 1664 3892 villam

459 3919 489 3994 C
522 3943 558 3990 es
584 3917 847 3990 transeuncium
873 3933 908 3990 et
935 3918 1203 4016 applicandum,
1231 3920 1403 3993 consimili
1432 3920 1541 3994 modo
1563 3917 1664 4018 quod

459 4021 525 4118 ipsi
543 4019 589 4094 de
606 4017 706 4092 Cales
723 4018 767 4092 de
784 4017 854 4090 illis
871 4019 933 4118 qui
949 4019 993 4092 ad
1016 4020 1217 4093 Dovorram
1243 4019 1460 4094 confluerent
1487 4020 1664 4108 haberent,

458 4123 506 4195 ita
533 4119 631 4219 quod
657 4143 720 4192 nec
746 4119 812 4216 ipsi
838 4118 882 4191 de
909 4117 1011 4194 Cales
1035 4119 1171 4221 aliquos
1196 4119 1344 4195 frettum
1370 4121 1443 4194 sive
1468 4121 1665 4220 passagium

459 4222 602 4295 navium
619 4220 665 4295 de
682 4220 855 4310 Dovorra,
876 4244 939 4292 nec
956 4221 1022 4318 ipsi
1039 4220 1084 4293 de
1100 4222 1265 4296 Dovorra
1285 4223 1329 4296 de
1354 4220 1464 4295 fretto
1489 4222 1561 4295 sive
1587 4245 1666 4319 pas-

459 4325 555 4424 sagio
566 4323 708 4396 navium
720 4319 829 4410 Cales,
844 4321 1062 4420 perciperent
1079 4325 1206 4426 quovis
1223 4323 1344 4413 modo,
1358 4323 1424 4396 nisi
1437 4347 1499 4424 per
1511 4321 1665 4422 aliquam
