3748 5266
457 497 524 566 188
813 489 995 565 DOVER
1022 489 1302 565 CHARTERS

450 691 536 765 dicti
561 689 699 766 domini
726 690 835 790 Regis
860 704 896 763 et
922 689 1091 765 heredum
1116 714 1263 763 suorum
1289 686 1428 778 iactans,
1446 687 1663 789 requirentes

449 793 592 866 eosdem
612 793 789 892 Majorem
806 807 842 863 et
860 789 1165 864 Communitatem
1182 791 1277 865 dicte
1294 789 1377 864 ville
1393 792 1437 865 de
1454 789 1662 865 ffaversham

450 918 513 991 per
528 893 666 966 easdem
684 895 819 966 litteras
835 909 876 966 ut
892 892 958 990 ipsi
976 909 1132 992 quatuor
1148 894 1302 965 Berones
1317 891 1363 964 de
1378 893 1502 966 eadem
1519 891 1603 965 villa
1618 892 1662 965 de

451 993 677 1067 ffaveresham
710 993 924 1068 discrecione
966 1009 1002 1066 et
1035 993 1248 1066 sufficiencia
1284 991 1416 1065 habiles
1452 992 1592 1093 eligant,
1626 1010 1662 1066 et

450 1095 583 1168 eisdem
603 1096 737 1196 Majori
763 1111 799 1168 et
817 1092 1073 1169 communitati
1091 1095 1184 1169 dicte
1210 1093 1292 1168 ville
1309 1096 1484 1182 Dovorre,
1505 1095 1549 1168 ad
1566 1095 1660 1168 diem

451 1198 487 1269 in
528 1196 633 1271 dictis
682 1196 810 1270 litteris
851 1195 1099 1294 specificatum,
1145 1221 1208 1293 per
1258 1195 1393 1268 litteras
1434 1194 1502 1268 sub
1543 1195 1662 1295 sigillo

454 1298 655 1398 Majoratus
670 1297 764 1372 dicte
789 1297 874 1371 ville
891 1298 936 1371 de
954 1295 1182 1370 ffaveresham
1206 1295 1386 1394 sigillatas,
1404 1311 1439 1368 et
1457 1321 1520 1394 per
1536 1321 1661 1370 eorum

450 1423 675 1472 communem
697 1397 910 1471 servientem
934 1413 1101 1497 portatas,
1123 1412 1305 1470 retornent
1329 1413 1365 1469 et
1391 1397 1595 1486 certificent,
1616 1399 1661 1472 de

475 1498 727 1600 uibusquidem
752 1515 905 1599 quatuor
922 1497 1117 1572 Batonibus
1139 1499 1188 1570 sic
1212 1498 1332 1570 electis
1351 1498 1460 1572 iidem
1487 1498 1608 1599 Major
1624 1514 1659 1571 et

449 1526 696 1673 bonimunitas
712 1601 806 1675 dicte
819 1599 902 1674 ville
921 1600 1088 1675 Dovorre
1106 1625 1229 1688 unum,
1247 1623 1354 1698 quem
1372 1599 1437 1697 ipsi
1456 1623 1659 1696 percorum

450 1701 699 1775 discrecionem
725 1701 925 1799 probiorem
942 1718 978 1772 et
996 1698 1202 1773 habiliorem
1228 1701 1382 1775 viderint
1399 1714 1461 1771 aut
1482 1701 1659 1786 sciverint,

450 1801 581 1902 eligent
596 1827 607 1888 3
632 1817 668 1875 et
685 1827 767 1874 eum
784 1802 827 1875 ad
844 1802 979 1876 dictum
995 1817 1130 1874 certum
1148 1799 1416 1898 parliamentum
1427 1817 1468 1873 ut
1485 1825 1597 1874 unum
1615 1801 1660 1874 de

450 1901 647 1976 Raronibus
667 1903 759 1976 dicte
786 1901 869 1976 ville
897 1902 1063 1975 Dovorre
1091 1925 1172 1975 cum
1198 1903 1309 1974 altero
1338 1903 1472 1974 Barone
1502 1901 1659 2003 ejusdem

451 2003 535 2080 ville
568 2002 696 2076 facient
730 2004 926 2077 retornsri:
965 2003 1015 2076 Et
1052 2027 1158 2100 super
1187 2002 1254 2074 hoc
1281 2003 1429 2102 predicti
1468 2003 1591 2103 Major
1624 2018 1660 2075 et

451 2105 698 2178 Communitas
721 2103 815 2178 dicte
839 2105 924 2178 ville
941 2105 1106 2177 Dovorre
1132 2127 1262 2175 nomen
1287 2103 1434 2176 Batonis
1458 2103 1551 2176 dicte
1576 2103 1660 2176 ville

451 2205 495 2278 de
513 2204 743 2278 ffaveresham
768 2231 830 2302 per
855 2207 949 2302 ipsos
975 2204 1153 2305 Majorem
1179 2221 1215 2278 et
1240 2205 1541 2278 communitatem
1566 2203 1659 2278 dicte

451 2306 534 2380 ville
551 2307 716 2380 Dovorre
732 2305 781 2379 sic
790 2305 956 2394 electum,
975 2329 1037 2402 per
1054 2305 1189 2379 litteras
1205 2329 1284 2377 suas
1306 2303 1370 2377 sub
1387 2305 1503 2404 sigillo
1522 2304 1661 2407 Major-

450 2425 528 2480 atus
540 2407 635 2481 dicte
646 2406 730 2480 ville
743 2409 906 2481 Dovorre
918 2405 1095 2505 sigillatas,
1112 2423 1148 2478 et
1161 2431 1230 2506 que
1243 2431 1306 2503 per
1319 2430 1431 2479 unum
1448 2407 1660 2480 servientem

451 2508 629 2582 dictorum
666 2508 820 2623 Majoris
851 2523 888 2580 et
931 2506 1209 2581 Communitatis
1241 2507 1335 2581 dicte
1377 2507 1461 2581 ville
1494 2508 1659 2582 Dovorre

451 2608 673 2696 differentur,
698 2608 803 2681 dictis
830 2607 963 2708 Majori
989 2625 1024 2680 et
1043 2607 1298 2681 communitati
1325 2608 1482 2706 predicte
1506 2607 1590 2680 ville
1615 2608 1660 2681 de

452 2708 660 2784 ffaversham
691 2709 945 2783 notificabunt:
991 2709 1159 2807 Dictique
1195 2708 1315 2809 Major
1348 2725 1384 2782 et
1415 2709 1661 2782 Communitss

452 2810 608 2908 predicte
620 2810 704 2884 ville
716 2810 760 2884 de
774 2809 1003 2883 ffaveresham
1016 2824 1052 2882 et
1064 2833 1279 2882 successores
1290 2810 1344 2882 sui
1355 2809 1376 2850 ¹*
1389 2811 1659 2907 recepticionem

451 2912 544 2985 dicte
570 2911 685 2984 littere
714 2910 751 2984 in
785 2909 868 2985 villa
898 2911 942 2984 de
971 2909 1197 2984 ffaveresham
1226 2910 1383 3008 predicta
1411 2935 1474 3009 per
1506 2911 1660 2985 eundem

450 3013 661 3086 servientem
703 3012 797 3086 dicte
837 3009 920 3085 ville
950 3010 1116 3087 Dovorre
1148 3011 1280 3085 eisdem
1311 3011 1447 3111 Majori
1480 3029 1516 3084 et
1550 3011 1660 3085 Com-

452 3115 617 3187 munitati
635 3113 728 3186 dicte
753 3112 837 3188 ville
863 3112 1030 3186 Dovorre
1055 3137 1118 3209 per
1141 3111 1244 3184 aliam
1269 3112 1434 3202 litteram,
1452 3111 1518 3185 sub
1542 3112 1660 3212 sigillo

451 3215 641 3316 majoratus
666 3215 760 3288 dicte
785 3213 868 3288 ville
893 3215 938 3288 de
964 3211 1205 3300 ffavereshsm,
1223 3212 1415 3286 certificent
1439 3229 1475 3286 et
1500 3215 1660 3287 notifica-

451 3314 564 3388 bunt:
593 3315 642 3388 Et
660 3315 827 3414 quociens
852 3314 1035 3413 continget
1051 3313 1166 3386 dictos
1190 3313 1369 3416 Majorem
1394 3329 1430 3386 et
1448 3313 1660 3388 Communi-

451 3431 560 3489 tatem
589 3415 682 3488 dicte
710 3413 795 3489 ville
823 3415 988 3489 Dovorre
1014 3413 1171 3488 “heredes
1197 3430 1234 3487 et
1266 3438 1478 3487 successores
1506 3439 1588 3488 suos
1622 3418 1658 3489 in

451 3516 699 3589 certificatione
714 3530 775 3589 aut
792 3531 948 3604 retorno,
967 3516 1076 3591 modo
1091 3529 1128 3588 et
1144 3512 1257 3588 forma
1273 3515 1435 3613 superius
1450 3515 1658 3613 specificato,

449 3615 596 3691 deficere
613 3615 710 3716 quod
727 3616 859 3688 tociens
884 3617 991 3691 iidem
1010 3615 1133 3715 Major
1147 3632 1183 3689 et
1201 3617 1447 3690 Communitas
1462 3617 1607 3692 heredes
1623 3635 1660 3691 et

450 3741 662 3790 successores
686 3717 738 3789 sui
762 3716 857 3790 dicte
873 3716 955 3792 ville
975 3717 1141 3790 Dovorre
1169 3716 1308 3792 solvant
1333 3718 1437 3792 dictis
1461 3717 1593 3821 Majori
1620 3736 1657 3792 et

451 3818 709 3893 Communitati
744 3817 826 3889 ville
855 3817 900 3890 de
942 3816 1171 3890 ffaveresham
1204 3819 1361 3916 predicte
1393 3819 1581 3892 heredibus
1621 3838 1657 3894 et

449 3918 706 3993 successoribus
728 3919 800 3991 suis
825 3919 953 4017 viginti
983 3918 1115 3991 solidos
1139 3918 1389 4019 sterlingorum
1422 3919 1466 3993 de
1493 3920 1595 3994 bonis
1621 3939 1657 3995 et

449 4021 581 4093 catallis
596 4020 773 4094 dictorum
790 4021 969 4092 Baronum
995 4020 1159 4094 Dovorne
1176 4020 1348 4094 heredum
1365 4036 1401 4093 et
1417 4045 1656 4096 successorum

449 4145 606 4212 suorum,
625 4121 661 4192 in
679 4119 962 4220 quibuscumque
977 4121 1065 4193 locis
1077 4121 1234 4221 quinque
1250 4139 1438 4218 portuum,
1455 4139 1515 4195 aut
1531 4147 1657 4196 eorum
