3616 5264
412 435 488 508 414
769 407 946 484 DOVER
971 405 1248 482 CHARTERS

904 706 1134 790 CXXII.

756 883 1006 968 dtenucuati,
1027 881 1274 964 annoessliz.

412 1039 502 1114 Hac
520 1039 709 1114 indentura
727 1053 875 1113 tentatur
891 1035 990 1138 quod
1006 1035 1212 1110 Willelmua
1238 1035 1477 1137 Hanyngton,
1498 1037 1626 1137 Mq'or

410 1142 495 1216 ville
519 1157 556 1216 et
572 1157 698 1240 portus
715 1141 855 1228 Dovor,
873 1139 910 1212 in
935 1137 1107 1214 comitatu
1124 1136 1269 1228 Kancie‚
1286 1137 1448 1210 Thomas
1464 1138 1624 1226 Painter,

410 1243 588 1339 Johannce
606 1239 797 1340 Hobdnye,
815 1239 993 1314 Robertus
1018 1237 1184 1326 Nicham,
1200 1255 1236 1312 ct
1259 1236 1475 1312 Criatoferua
1491 1237 1623 1326 Eliott,

411 1342 587 1418 Custodes
620 1342 714 1418 dicte
746 1341 842 1430 ville,
872 1339 1030 1414 unanimi
1063 1363 1204 1413 assensu
1232 1354 1269 1413 et
1302 1365 1476 1415 concensu
1508 1341 1625 1414 totius

411 1443 689 1520 Communitatia
720 1441 878 1544 ejusdem
918 1439 1004 1516 ville
1038 1439 1262 1514 tradiderunt
1303 1456 1552 1514 concearertmt
1584 1455 1623 1515 et

409 1545 455 1620 ad
481 1543 579 1620 feodi
612 1543 750 1618 firmam
778 1541 989 1616 dimiserunt
1013 1539 1167 1635 Johanni
1197 1541 1361 1640 Boorlye,
1390 1541 1551 1617 devilia
1582 1557 1622 1614 et

410 1661 519 1745 portu
536 1646 666 1720 Dovor
681 1643 849 1743 predicte,
865 1665 1048 1744 generoso,
1064 1665 1171 1716 unam
1189 1666 1337 1716 vacuam
1354 1643 1507 1740 plaoeam
1524 1657 1622 1715 terre

411 1771 493 1822 cum
519 1745 684 1820 omnibus
708 1745 782 1818 auis
806 1743 1041 1843 pertinenciis,
1067 1743 1307 1816 continentem
1332 1743 1370 1816 in
1394 1741 1431 1816 lo
1481 1741 1621 1816 ‘tudine

410 1847 645 1950 quadraginta
665 1861 821 1946 quatuor
843 1843 962 1943 pedet,
978 1859 1015 1918 ct
1031 1843 1069 1917 in
1088 1842 1276 1918 latitudine
1301 1867 1412 1960 usque
1492 1842 1620 1918 alitum

411 1973 517 2122 ssm’
529 1947 758 2120 jmnfficit
777 1945 987 2061 eristentern
1009 1941 1100 2118 iffi
1115 1941 1314 2116 liilnertatem
1335 1943 1421 2018 ville
1436 1959 1620 2118 eituportus

450 2073 572 2124 ovone
740 2072 772 2136 e,
802 2062 895 2120 inter
946 2069 1014 2118 uan
1161 2068 1277 2118 accam
1303 2060 1396 2119 terre
1424 2070 1447 2117 v
1487 2070 1508 2118 e

409 2148 515 2238 dicte,
533 2173 570 2222 m
619 2173 643 2220 0
667 2147 703 2220 in
729 2071 963 2246 occupet-,ionic
988 2069 1148 2220 Roberti)
1163 2141 1319 2244 Hedley,
1343 2169 1466 2220 versus
1490 2069 1621 2218 ποριεῖ

409 2265 495 2338 east,
527 2249 673 2348 Regiam
699 2263 844 2322 stratam
878 2269 1001 2320 versus
1034 2243 1257 2335 northweaat,
1289 2271 1329 2319 ac
1361 2245 1487 2320 alitum
1520 2269 1620 2320 mare

409 2375 532 2424 versus
564 2349 771 2424 routheast:
815 2345 967 2421 habend’
996 2361 1032 2418 ct
1067 2345 1208 2419 tenend’
1241 2345 1436 2462 predictam
1468 2369 1619 2421 vacuam

436 2451 563 2524 iaceam
580 2465 672 2524 terre
688 2471 770 2522 cum
787 2447 951 2522 omnibus
970 2445 1044 2519 auis
1060 2445 1283 2544 pertinenciis
1325 2445 1440 2522 refato
1462 2445 1618 2542 Johanni

409 2475 571 2649 ssoorley,
583 2548 771 2624 heredibus
782 2563 820 2621 et
836 2545 1020 2648 assignatis
1035 2545 1118 2639 auis,
1136 2543 1259 2620 afceto
1276 2471 1483 2622 riitivitatis
1499 2547 1617 2622 Sancti

408 2651 580 2746 Johannia
596 2650 753 2750 Baptiste
777 2647 906 2722 ultimo
931 2646 1102 2745 preterito
1123 2663 1204 2720 ante
1225 2647 1308 2721 data
1327 2649 1553 2747 presentium,
1571 2649 1619 2722 de

411 2777 505 2826 anno
521 2751 558 2825 in
578 2774 710 2826 annum
725 2774 800 2824 uno
815 2765 896 2848 poat
920 2745 1032 2836 allioa,
1050 2747 1223 2848 usquead
1240 2747 1347 2820 finem
1369 2765 1406 2822 et
1422 2747 1618 2822 terminum

411 2852 603 2953 nonaginta
628 2874 758 2926 novem
780 2873 954 2924 annorum
970 2861 1100 2921 extunc
1125 2848 1368 2946 proximorum
1392 2849 1618 2950 sequentium

409 2946 1480 3128 ifii‘i‘iiffliiii{iiiiiissiffliiiissffi
1498 2966 1619 3124 Ἢ

410 3080 568 3228 Βοξιοτὶο
593 3177 674 3226 cum
699 3150 885 3225 acciderit:
914 3173 953 3222 ac
977 3147 1083 3222 etiam
1108 3149 1279 3224 reddend’
1295 3167 1331 3224 ct
1356 3075 1616 3227 solvenioinde

408 3253 565 3329 annatim
599 3252 732 3368 Majori
765 3267 801 3324 ct
835 3247 1052 3325 Custodibus
1084 3249 1178 3324 dicte
1219 3250 1303 3324 ville
1334 3251 1396 3352 qui
1429 3267 1515 3326 tunc
1547 3277 1616 3369 pro

409 3373 568 3456 tempore
585 3351 729 3442 fuerint,
745 3351 782 3425 in
799 3347 891 3424 festo
914 3349 1184 3449 Assumpcionia
1200 3349 1299 3424 beate
1322 3351 1439 3426 Merie
1455 3352 1615 3454 Virginis

410 3459 501 3533 duoa
519 3453 651 3530 solidos
668 3477 734 3552 pro
754 3451 892 3526 annuali
909 3449 1054 3526 redditu
1071 3473 1082 3539 ;
1107 3466 1143 3525 et
1165 3451 1195 3524 ai
1215 3453 1398 3552 contingat
1413 3453 1613 3551 predictum

409 3557 594 3633 annualem
619 3554 809 3641 redditum,
837 3553 882 3627 de
910 3551 962 3652 ijs.
990 3551 1036 3625 ad
1064 3547 1195 3625 festum
1220 3552 1291 3626 vell
1316 3553 1507 3628 terminum
1533 3580 1615 3653 pre-

410 3657 558 3747 dictum,
600 3680 650 3729 uo
665 3651 770 3731 aollvi
793 3651 919 3726 debeat
934 3667 1050 3725 aretio
1064 3650 1143 3725 fore
1168 3651 1361 3728 insolutum
1378 3654 1414 3727 in
1441 3669 1540 3754 parte
1555 3657 1615 3729 vel

409 3757 448 3834 in
465 3774 545 3833 toto
609 3773 663 3830 tra
687 3753 877 3830 terminum
900 3752 1100 3852 predictum
1116 3777 1178 3852 per
1196 3755 1352 3852 spacium
1368 3751 1446 3828 nv¹¹¹¹
1461 3755 1614 3847 dierum,

410 3859 441 3934 si
457 3857 630 3959 legittime
654 3855 818 3954 petitum,
835 3871 921 3929 tunc
935 3852 1074 3928 licitum
1097 3851 1166 3927 erit
1192 3853 1325 3972 Majori
1340 3872 1378 3931 ct
1395 3855 1615 3932 Custodibus

412 3959 495 4034 ville
522 3957 678 4058 predicte
702 3955 764 4058 qui
789 3971 876 4030 tunc
900 3979 967 4053 pro
990 3969 1149 4053 tempore
1173 3951 1318 4049 fuerint,
1348 3956 1385 4031 in
1419 3957 1612 4054 predictam

412 4085 556 4134 vacuam
587 4057 738 4157 placeam
764 4072 856 4130 terre
884 4081 966 4130 curn
998 4053 1163 4128 omnibus
1194 4056 1266 4131 suis
1299 4056 1533 4156 pertinenciis,
1566 4058 1612 4133 ad

410 4182 716 4262 quorumcumque
757 4181 883 4230 manua
925 4153 1093 4244 evenerit,
1135 4153 1314 4250 reintrare,
1356 4157 1529 4250 rehabere,
1574 4175 1612 4234 et
