3728 5258
446 478 514 551 116
802 477 979 552 DOVER
1005 477 1284 554 CHARTERS

920 678 1178 760 XXXVIII.

867 853 878 918 i
901 851 1000 934 Maii,
1023 863 1063 935 15
1084 852 1159 920 Ric.
1185 854 1231 922 11.

441 1006 659 1080 Novrnmr
688 1005 841 1079 universi
871 1030 1013 1105 presens
1041 1007 1213 1106 scriptum
1246 1007 1436 1106 inspecturi
1496 1007 1568 1081 uod
1601 1007 1652 1082 ita

441 1109 608 1182 convenit
633 1107 725 1182 inter
749 1106 929 1182 Abbatem
953 1123 989 1180 et
1016 1108 1245 1183 Conventum
1274 1109 1397 1183 Sancte
1500 1108 1653 1207 egundis

441 1233 486 1282 ex
521 1234 591 1283 una
623 1225 733 1308 parte,
767 1224 804 1283 et
838 1208 1031 1283 Ricardum
1070 1209 1175 1308 Petyt
1208 1209 1253 1284 de
1290 1211 1455 1286 Dovorre
1487 1211 1650 1302 exaltem,

441 1309 606 1385 videlicet
639 1310 736 1410 quod
768 1309 853 1384 dicti
888 1309 1010 1384 Abbas
1046 1327 1082 1384 et
1121 1309 1328 1385 Conventus
1369 1311 1581 1386 remiserunt
1614 1327 1651 1385 et

440 1437 506 1510 pro
539 1436 576 1484 se
613 1427 650 1486 et
683 1409 941 1486 successoribus
973 1411 1047 1485 suis
1080 1411 1243 1512 quietum
1277 1411 1516 1487 clarnaverunt
1553 1413 1650 1487 dicto

440 1513 596 1587 Ricardo
636 1513 745 1614 Petyt
787 1513 1013 1587 omnimodas
1054 1513 1210 1588 acciones
1252 1539 1339 1614 quas
1380 1513 1580 1589 habuerunt
1613 1515 1650 1586 in

439 1613 696 1713 repossessione
730 1614 913 1716 cujusdam
948 1615 1064 1712 placee
1096 1630 1189 1689 terre
1215 1639 1297 1688 cum
1327 1615 1553 1713 pertinenciis
1579 1615 1652 1688 suis

433 1715 584 1816 jacentis
610 1713 701 1789 infra
725 1713 924 1792 libertatem
958 1716 1090 1788 Portus
1116 1717 1283 1791 Dovorre
1308 1717 1345 1789 in
1372 1715 1651 1790 halvendennes-

440 1819 566 1906 warde,
586 1817 772 1915 capitantis
787 1817 833 1890 ad
848 1816 942 1892 viam
958 1832 1119 1890 vocatam
1137 1816 1222 1890 blais
1238 1818 1316 1890 lane
1326 1841 1446 1890 versus
1458 1817 1648 1906 southeast,

440 1934 476 1992 et
493 1918 538 1992 ad
551 1917 772 2018 mesuagium
790 1916 935 1991 Ricardi
955 1916 1098 1991 Plomer
1116 1943 1237 1991 versus
1254 1919 1447 2008 northeast,
1464 1917 1652 1992 latitudine

441 2019 485 2094 ad
503 2035 746 2093 tenementum
763 2018 934 2093 heredum
963 2017 1110 2092 Walteri
1127 2019 1251 2093 Acrise
1269 2043 1391 2092 versus
1407 2019 1527 2108 south,
1553 2036 1589 2093 et
1606 2020 1650 2092 ad

442 2121 660 2220 mesuagium
679 2116 807 2218 prefati
826 2119 967 2193 Ricardi
987 2117 1093 2217 Petyt
1111 2145 1231 2194 versus
1249 2120 1367 2212 north,
1379 2144 1487 2219 quam
1505 2121 1651 2221 quidem

442 2222 596 2321 placeam
622 2245 703 2296 cum
729 2219 953 2319 pertinenciis
978 2221 1050 2295 suis
1074 2220 1223 2319 predicti
1241 2220 1362 2294 Abbas
1387 2237 1423 2296 et
1441 2221 1652 2296 Conventus

440 2323 622 2423 quondam
636 2321 897 2422 perquisierunt
909 2322 954 2396 de
965 2322 1110 2422 Rogero
1122 2322 1167 2396 de
1180 2322 1471 2424 Sketmansteghe
1481 2336 1517 2397 et
1530 2337 1652 2422 postea

440 2423 668 2497 tradiderunt
683 2439 721 2497 et
738 2438 983 2497 concesserunt
1006 2423 1150 2497 Thome
1167 2423 1333 2523 Bonquer
1351 2438 1391 2496 ut
1417 2424 1519 2524 plene
1536 2423 1651 2523 liquet

440 2550 503 2623 per
528 2525 730 2599 indenturas
759 2522 989 2616 indefectas,
1015 2549 1122 2625 quam
1147 2523 1256 2598 eciam
1281 2524 1434 2624 placeam
1462 2549 1545 2598 cum
1569 2549 1651 2626 per-

441 2627 603 2700 tinenciis
631 2624 706 2699 suis
734 2623 873 2723 prefato
899 2625 1053 2700 Ricardo
1078 2625 1185 2724 Petyt
1215 2641 1250 2700 et
1276 2625 1436 2720 Johanne
1461 2625 1562 2700 uxori
1588 2651 1651 2700 sue

441 2743 687 2801 concesserunt
729 2742 765 2800 et
807 2752 870 2825 per
920 2750 1062 2826 presens
1103 2727 1275 2825 scriptum
1326 2725 1648 2801 confirmaverunt:

440 2827 589 2902 habend’
624 2842 660 2902 et
694 2827 836 2902 tenend’
871 2841 983 2901 totam
1019 2828 1213 2926 predictam
1256 2825 1410 2924 placeam
1444 2842 1535 2901 terre
1568 2851 1649 2902 curn

440 2929 609 3005 domibus
640 2927 751 3003 muris
776 2945 812 3002 et
841 2927 1026 3002 arboribus
1050 2928 1200 3027 desuper
1223 2927 1397 3002 stantibus
1423 2943 1459 3000 et
1484 2929 1650 3002 omnibus

440 3032 515 3106 aliis
533 3030 758 3129 pertinenciis
775 3030 846 3103 suis
862 3027 1001 3146 prefato
1018 3028 1173 3105 Ricardo
1191 3029 1298 3128 Petyt
1317 3044 1353 3102 et
1370 3027 1530 3124 Joharme
1547 3031 1649 3105 uxori

441 3158 502 3206 sue
536 3132 722 3206 heredibus
749 3147 785 3204 et
810 3131 990 3230 assignatis
1015 3129 1143 3229 prefati
1172 3129 1315 3205 Ricardi
1340 3129 1447 3228 Petyt
1475 3131 1521 3204 de
1545 3129 1651 3206 dictis

441 3233 580 3308 Abbate
606 3249 642 3307 et
673 3231 864 3307 Conventu
898 3248 935 3305 et
963 3231 1220 3304 successoribus
1253 3229 1326 3303 suis
1359 3230 1646 3330 imperpetuum:

441 3334 610 3409 reddend'
628 3335 711 3409 inde
736 3333 918 3406 annuatim
939 3357 1045 3432 super
1064 3332 1196 3406 dictam
1219 3330 1373 3430 placeam
1396 3333 1650 3430 prenominatis

442 3434 575 3509 Abbati
603 3451 638 3508 et
668 3433 871 3508 Conventui
901 3449 1087 3507 eteorum
1117 3431 1371 3506 successoribus
1398 3431 1489 3507 duos
1518 3433 1650 3508 solidos

441 3535 698 3636 sterlingorum
714 3532 814 3609 liberi
841 3534 1013 3625 redditus,
1030 3533 1195 3612 videlicet
1210 3535 1254 3607 ad
1274 3533 1442 3608 Pascham
1458 3532 1649 3610 duodecim

441 3638 614 3727 denarios,
630 3651 666 3709 et
692 3635 736 3710 ad
754 3635 898 3708 Festum
927 3635 1041 3710 Sancti
1072 3635 1238 3709 Michelis
1262 3633 1450 3709 duodecim
1476 3636 1649 3728 denarios,

441 3764 507 3838 pro
524 3738 687 3812 omnibus
704 3735 858 3811 serviciis
874 3737 978 3812 dictis
1004 3735 1137 3810 Abbati
1162 3751 1198 3810 et
1215 3734 1417 3810 Conventui
1434 3735 1585 3812 debitis:
1613 3754 1649 3812 et

440 3839 590 3914 faciend‘
608 3865 675 3938 pro
704 3839 871 3937 predictis
896 3838 1035 3913 Abbate
1061 3853 1096 3910 et
1127 3835 1314 3911 Conventu
1341 3837 1537 3912 secundum
1563 3862 1649 3912 con-

440 3940 666 4015 suetudinem
683 3943 816 4015 Portus
829 3941 993 4014 Dovorre
1009 3938 1195 4012 servicium
1208 3937 1346 4012 domini
1361 3939 1468 4040 Regis
1480 3939 1650 4039 quociens

440 4045 620 4116 evenerit:
660 4058 697 4115 et
737 4040 869 4115 sciend’
896 4057 950 4114 est
978 4039 1077 4141 quod
1113 4039 1433 4139 quocienscumque
1470 4039 1650 4139 predictus

439 4143 599 4219 redditus
615 4145 767 4216 duorum
785 4142 982 4216 solidorum
999 4139 1072 4214 suis
1095 4139 1253 4213 terminis
1276 4164 1350 4212 non
1376 4137 1483 4212 fuerit
1499 4141 1649 4231 solutus,

440 4241 558 4318 licebit
577 4243 721 4342 prefatis
739 4242 872 4317 Abbati
889 4258 925 4316 et
944 4242 1148 4316 Conventui
1166 4256 1202 4314 et
1226 4239 1481 4314 successoribus
1498 4241 1570 4315 suis
1586 4267 1649 4344 per
