3744 5296
820 459 999 533 DOVER
1026 459 1305 534 CHARTERS

1005 687 1049 765 X
1062 688 1118 768 X.

804 849 882 932 xxij
904 812 1045 929 sputis,
1070 863 1109 915 ιε
1131 849 1232 918 son.
1256 851 1322 917 111.

465 1003 731 1103 [E]ownuous
759 1007 815 1080 dei
850 1006 965 1106 gracia
998 1006 1076 1079 Rex
1105 1005 1246 1106 Anglie,
1281 1009 1461 1082 Dominus
1492 1006 1670 1082 Hibernie

462 1122 497 1179 et
540 1105 629 1178 Dux
663 1108 869 1206 Aquitanie,
903 1107 1200 1207 Archiepiscopis,
1228 1108 1426 1208 Episcopis‚
1456 1108 1668 1198 Abbasium,

463 1206 658 1301 Prioribus,
677 1207 891 1298 Comitibus,
919 1209 1125 1298 Batonibus,
1141 1209 1363 1305 Justiciariis,
1382 1209 1669 1301 Vicecomitibus,

463 1307 669 1405 Prepositis,
689 1309 879 1403 Ministris,
905 1328 942 1385 et
966 1310 1131 1383 omnibus
1148 1311 1290 1384 ballivis
1306 1328 1343 1385 et
1368 1311 1531 1385 fidelibus
1545 1311 1669 1384 suis-

463 1407 629 1483 Salutem.
682 1411 903 1510 inspeximus
928 1429 1059 1484 canam
1085 1411 1229 1485 celebris
1255 1413 1425 1485 memorie
1449 1411 1587 1486 domini
1613 1409 1667 1486 H.

462 1511 645 1609 quondam
673 1512 767 1612 regis
791 1513 924 1614 Anglie
951 1513 1070 1612 proovi
1099 1514 1210 1587 nostri
1237 1513 1274 1586 in
1300 1515 1363 1587 hec
1390 1513 1506 1588 verbs.

540 1611 702 1686 Henricus
727 1614 782 1686 dei
800 1617 921 1709 gracia
947 1616 1023 1687 Rex
1045 1615 1173 1712 Anglie,
1203 1614 1367 1688 Dominus
1394 1615 1563 1704 Hibernie,
1583 1613 1669 1687 Dux

464 1706 671 1786 Narmannie
700 1731 732 1786 et
759 1716 952 1812 Aquitania,
990 1715 1102 1788 Comes
1141 1717 1360 1812 Andegavie,·
1399 1717 1668 1810 Arcbiepiscopis‚

464 1813 650 1910 Episcopis,
676 1815 870 1906 Abbatibus‚
896 1815 1079 1904 Prioribus,
1110 1816 1300 1904 Comitibus,
1328 1817 1526 1908 Beronibus,
1553 1815 1669 1908 Justi-

463 1915 583 2000 ciariis,
593 1915 791 2011 forestariis,
809 1916 1058 2006 vicecomitibus,
1080 1917 1269 2013 Prepesitis,
1295 1920 1455 1990 ministris
1473 1937 1506 1990 et
1521 1917 1668 1990 omnibus

463 2014 611 2088 Ballivis
627 2032 660 2087 et
665 2015 821 2106 fidelibus
846 2017 1122 2090 suis-Salutem.
1175 2018 1292 2090 Sciatis
1316 2042 1384 2109 nos,
1412 2021 1535 2092 intuitu
1560 2019 1614 2091 dei
1637 2035 1670 2090 et

457 2133 522 2208 pro
550 2117 654 2189 salute
680 2120 788 2190 anime
813 2135 921 2191 nostre
947 2135 980 2190 et
1003 2121 1190 2191 animarum
1218 2135 1450 2191 antecessorum
1467 2119 1667 2191 etheredum

462 2233 658 2308 nostrorum,
677 2221 859 2291 concessisse
876 2238 916 2308 et,
934 2220 995 2292 bac
1012 2237 1105 2291 carta
1122 2235 1248 2308 nostra,
1267 2218 1482 2309 confirmasse,
1494 2239 1560 2312 pro
1578 2218 1668 2292 nobis

462 2335 494 2388 et
508 2318 683 2391 heredibus
708 2323 838 2407 nostris,
868 2323 1025 2417 magistro
1052 2320 1228 2413 hospitalis
1255 2320 1366 2392 domus
1388 2320 1442 2391 dei
1465 2321 1504 2392 de
1533 2319 1668 2393 Dovera

462 2419 672 2514 etfratribus
690 2421 831 2516 ejusdem
848 2419 1030 2515 hospitalis,
1049 2421 1136 2518 quod
1145 2422 1212 2517 ipsi
1223 2421 1407 2494 etbomines
1420 2425 1474 2493 sui
1491 2437 1524 2492 et
1538 2441 1622 2494 terre
1638 2439 1671 2492 et

463 2536 638 2592 tenemento
662 2546 721 2594 sua
746 2524 846 2619 quieti
871 2525 939 2594 sint
962 2524 1196 2618 imperpetuum
1221 2522 1261 2594 de
1287 2528 1383 2594 sectis
1400 2521 1565 2594 sbirarum
1583 2523 1669 2595 bun-

463 2620 633 2694 dredorum
650 2621 801 2694 lestorum
818 2640 850 2695 et
863 2622 1088 2719 logedeiorum,
1115 2627 1207 2694 etde
1235 2622 1369 2695 auxiliis
1395 2624 1612 2696 vicecomitum
1638 2639 1671 2694 et

465 2722 667 2795 ballivorum
692 2747 835 2812 suorum,
861 2739 893 2795 et
916 2726 995 2795 visu
1010 2727 1212 2820 francorum
1228 2724 1420 2820 plegiorum,
1441 2741 1474 2795 et
1484 2725 1622 2821 guardis
1639 2739 1672 2795 et

464 2823 707 2918 operacionibus
739 2840 773 2896 et
797 2825 959 2897 clausuris
985 2840 1161 2897 castrorum
1186 2843 1365 2920 parcorum
1394 2844 1427 2896 et
1446 2827 1611 2918 poncium,
1638 2842 1672 2897 et

460 2927 621 3020 passagio
670 2928 797 3022 antagio
824 2926 974 3021 stallagio
1002 2926 1135 3021 tallagio
1162 2923 1326 3025 [l]estagio
1348 2929 1472 3023 peagio
1501 2944 1533 2997 et
1548 2950 1670 2998 wrecco

464 3029 572 3098 maris.
629 2943 743 3121 &aare
780 3026 925 3102 volumus
961 3041 995 3098 et
1016 3027 1164 3117 firmiter
1187 3029 1389 3121 precipimus
1418 3027 1506 3123 quod
1527 3028 1672 3122 predicti

465 3131 622 3224 magister
643 3145 676 3200 et
689 3128 825 3222 fratres
850 3144 882 3200 et
904 3151 1011 3200 eorum
1037 3151 1229 3201 successores
1254 3138 1288 3200 et
1307 3129 1453 3201 homines
1470 3130 1523 3200 sui
1538 3143 1570 3199 ct
1585 3147 1670 3200 terre

464 3243 496 3298 et
519 3243 693 3301 tenemento
719 3253 779 3301 sua
805 3231 904 3326 quieti
927 3232 1153 3324 inperpetuum
1178 3229 1218 3300 de
1238 3229 1384 3301 omnibus
1403 3227 1567 3321 predictis
1586 3247 1670 3324 pre-

464 3328 563 3402 dictis
580 3325 673 3428 [sic],
692 3332 779 3402 sicut
788 3329 971 3425 predictum
988 3346 1046 3402 cst.

541 3429 618 3502 Hiis
643 3430 789 3517 testibus,
820 3429 862 3522 J.
890 3430 1029 3520 bathon,
1048 3431 1096 3502 R.
1116 3429 1297 3519 Dunbolm,
1315 3449 1348 3501 ct
1365 3431 1422 3504 W.
1443 3431 1543 3518 Karl,
1564 3431 1671 3526 Epis-

465 3533 577 3625 copis,·
598 3529 644 3602 H.
657 3531 697 3603 de
707 3531 830 3628 Burgo,
845 3530 965 3603 Comite
978 3531 1119 3617 Kancie,
1135 3531 1332 3622 Justiciario
1342 3532 1490 3628 Anglie,·
1510 3531 1670 3625 Stephano

465 3631 504 3703 de
518 3631 688 3726 Segrave,·
713 3631 849 3729 Hugone
862 3631 1112 3728 Dispensario,·
1133 3629 1294 3704 Nicbolao
1306 3632 1473 3720 demolis,·
1491 3631 1669 3727 Radulpbo

465 3733 504 3804 de
522 3731 677 3829 Ralege,·
705 3750 738 3805 et
752 3732 839 3805 aliis.
894 3732 1022 3805 Datum
1034 3751 1100 3829 per
1117 3756 1247 3805 manum
1265 3731 1473 3806 Venerabilis
1491 3732 1603 3805 Patris
1619 3733 1667 3804 R.

468 3834 589 3905 Cicestr
639 3833 796 3928 Episcopi
836 3835 1036 3906 Cancellarii
1082 3835 1189 3908 nostri
1232 3834 1326 3929 opud
1369 3833 1502 3906 Westm.
1534 3836 1669 3929 septimo

464 3934 584 4006 decimo
609 3933 662 4006 die
677 3932 861 4028 ffebruarii
883 3958 968 4007 anno
993 3937 1090 4030 regni
1114 3937 1214 4007 nostri
1241 3937 1339 4006 tercio
1369 3933 1500 4008 decimo.

540 4034 621 4107 Nos
650 4051 769 4110 autem
804 4035 1064 4108 concessionem
1094 4052 1130 4108 et
1159 4035 1466 4108 confirmacionem
1497 4035 1670 4133 predictas

463 4153 554 4209 ratas
570 4135 737 4211 habentes
762 4152 798 4210 et
823 4153 940 4236 gratas
965 4161 1022 4209 eas
1047 4161 1113 4235 pro
1141 4136 1242 4209 nobis
1266 4153 1302 4210 et
1327 4136 1516 4211 heredibus
1541 4136 1671 4208 nostris

463 4253 639 4336 quantum
656 4237 693 4309 in
713 4236 814 4310 nobis
830 4254 883 4310 est
900 4237 1037 4311 dilectis
1055 4237 1158 4311 nobis
1175 4237 1212 4309 in
1229 4235 1374 4310 Christo
1387 4262 1482 4310 nunc
1499 4261 1535 4309 m
1581 4236 1670 4308 istro

462 4356 498 4412 et
515 4337 685 4412 fratribus
702 4339 769 4412 loci
789 4339 936 4438 predicti
954 4355 990 4412 et
1015 4363 1139 4412 eorum
1159 4337 1419 4414 successoribus
1445 4261 1670 4414 coneliimus
