3748 5266
432 512 497 579 182
787 501 968 576 DOVER
994 499 1275 576 CHARTERS

945 699 1037 778 Lx
1051 699 1069 778 l
1084 699 1115 779 l.

800 875 838 940 xi
859 875 1035 955 Octobris,
1056 873 1078 940 8
1100 874 1191 941 Hen.
1214 873 1273 942 vt.

429 1032 645 1106 Novssrur
674 1031 828 1106 universi
863 1056 926 1127 per
961 1047 1137 1129 presentes
1170 1056 1236 1121 me,
1267 1030 1467 1126 Johsnnem
1500 1031 1639 1129 Barley,

430 1132 543 1206 civem
568 1148 604 1206 et
630 1132 857 1232 pelliparium
882 1132 1083 1221 Londonie,
1108 1135 1220 1205 teneri
1246 1149 1282 1206 et
1308 1131 1457 1205 firmiter
1491 1131 1638 1232 obligari

428 1233 581 1328 johanni
607 1234 724 1333 Lyng‚
743 1234 811 1306 civi
837 1249 872 1306 et
898 1233 1068 1332 pannario
1091 1233 1291 1322 Londonie,
1308 1234 1345 1306 in
1371 1233 1639 1333 quatuordecim

429 1334 528 1407 libris
554 1333 803 1433 sterlingorum
831 1334 989 1408 solvend'
1016 1334 1132 1407 eidem
1158 1335 1310 1429 Johanni
1338 1335 1457 1434 Lyng,
1483 1351 1545 1407 aut
1574 1359 1639 1408 suo

430 1452 527 1509 certo
552 1451 742 1525 attornato,
761 1434 947 1509 heredibus
971 1460 1034 1507 seu
1059 1435 1304 1509 executoribus
1328 1435 1410 1523 suis,
1439 1435 1556 1533 primo
1582 1437 1640 1510 dic

433 1537 524 1610 Maii
542 1537 705 1636 proximo
730 1535 854 1611 futuro
880 1553 961 1636 post
977 1536 1101 1609 datum
1127 1537 1346 1635 presencium
1371 1538 1446 1610 sine
1471 1537 1639 1610 dilatione

432 1638 605 1725 ulteriori,
619 1639 663 1711 ad
680 1663 787 1737 quam
831 1637 948 1710 uidem
972 1636 1199 1726 solucionem,
1217 1655 1257 1712 ut
1275 1637 1481 1736 predicitur,
1500 1637 1586 1711 benc
1603 1657 1640 1712 et

431 1738 581 1812 fideliter
615 1738 764 1813 faciend‘
794 1663 916 1839 obligo
954 1763 1010 1811 mc
1040 1739 1139 1811 heres
1169 1756 1204 1812 et
1234 1755 1437 1813 executores
1470 1764 1567 1813 meos
1601 1766 1640 1812 ac

430 1839 549 1913 omnia
565 1839 657 1913 bona
673 1865 750 1913 mea
766 1838 980 1939 ubicumque
997 1838 1130 1913 fuerint
1147 1841 1291 1914 inventa
1306 1865 1370 1939 per
1385 1858 1571 1939 presentes.

506 1942 548 2013 ln
582 1941 681 2040 cujus
714 1941 764 2013 rei
797 1940 1040 2014 testimonium
1076 1941 1296 2039 presentibus
1328 1940 1485 2042 sigillum
1520 1966 1638 2015 meum

429 2041 588 2140 apposui.

506 2143 599 2214 Data
624 2141 812 2216 undecimo
836 2141 894 2215 die
910 2139 1080 2214 Octobris
1105 2167 1199 2216 anno
1223 2144 1323 2242 regni
1346 2143 1454 2244 Regis
1473 2143 1639 2231 Henrici,

430 2243 518 2315 sexti
537 2257 617 2340 post
635 2261 878 2342 conquestum,
899 2259 1034 2317 octavo
