3702 5254
438 495 507 568 292
795 469 976 545 novur
1003 467 1282 544 ennarrans

434 673 638 772 genitorum
665 688 868 744 nostrorum
882 671 975 770 pacis
992 695 1053 744 sue
1078 668 1322 758 conservand',
1335 686 1396 742 aut
1412 667 1644 742 thesaurarios

432 790 469 847 et
497 773 645 846 barones
669 773 714 846 de
742 773 915 848 scaccario
943 787 1077 860 nostro,
1103 797 1164 844 seu
1189 770 1337 870 alicujus
1370 770 1643 870 progenitorum

437 892 652 964 nostrorum,
688 875 761 946 sive
795 872 882 948 alios
924 873 1180 948 commissarios
1222 887 1372 960 nostros,
1407 873 1463 944 vel
1497 870 1645 971 alicujus

434 975 705 1076 progenitorum
743 990 958 1062 nostrorum,
990 975 1194 1089 assignatos,
1228 999 1289 1047 seu
1330 996 1455 1046 eorum
1488 972 1642 1072 aliquem

435 1077 615 1177 tangentia
637 1077 711 1149 sive
735 1076 966 1150 concernend’
985 1101 1047 1174 per
1067 1100 1163 1172 ipsos
1187 1075 1377 1176 Majorem,
1395 1073 1589 1160 Ballivum,
1606 1089 1643 1145 et

434 1178 754 1266 Communitatem,
768 1194 848 1251 ante
864 1177 1017 1250 eundem
1028 1177 1121 1251 diem
1132 1175 1437 1275 qualitercumque
1447 1172 1555 1248 factas
1570 1175 1645 1246 sive

436 1294 678 1378 perpetratas:
721 1281 778 1351 Ac
812 1303 936 1353 omnes
967 1276 1206 1351 forisfacturas
1238 1277 1577 1374 condempnaciones
1609 1292 1646 1348 et

435 1380 660 1454 denariorum
686 1404 842 1452 summas
861 1379 964 1453 nobis
985 1380 1120 1452 ratione
1147 1378 1411 1476 premissorum,
1428 1402 1492 1450 seu
1518 1401 1644 1450 eorum

433 1481 589 1581 alicujus,
624 1481 840 1579 pertinentes
882 1479 1017 1554 debitas
1049 1479 1123 1553 sive
1155 1495 1376 1579 spectantes:
1421 1477 1471 1552 Et
1504 1477 1643 1551 easdem

434 1580 675 1656 forisfacturas
733 1581 1072 1680 condempnaciones
1121 1597 1158 1654 et
1208 1579 1435 1655 denariorum
1490 1603 1646 1653 summas

433 1683 566 1756 eisdem
601 1683 746 1783 Majori,
774 1681 927 1770 Brllivo,
953 1698 990 1755 et
1019 1681 1291 1770 Communitati,
1325 1679 1451 1754 damus
1483 1697 1519 1754 et
1559 1705 1647 1753 con-

434 1784 592 1858 cedimus
617 1807 679 1882 per
704 1799 891 1882 presentes,
925 1782 1076 1857 habend'
1102 1783 1234 1856 eisdem
1263 1780 1411 1884 Majori,
1437 1779 1585 1868 ballivo,
1608 1797 1646 1854 et

436 1883 709 1973 Communitati,
733 1885 777 1958 de
804 1885 902 1958 dono
929 1901 1053 1959 nostro
1079 1884 1210 2056 absque
1239 1899 1408 1981 compoto
1436 1907 1497 1956 seu
1526 1882 1647 1980 aliquo

437 1983 507 2058 alio
534 1985 636 2058 nobis
663 1985 832 2059 reddend'
863 1985 1024 2060 solvend'
1051 2011 1113 2058 seu
1161 1985 1307 2058 aciend’.
1372 1986 1432 2057 Ac
1464 1983 1646 2070 nsum,

437 2086 683 2185 perdonamus,
727 2085 954 2174 remittimus,
995 2101 1031 2159 et
1072 2085 1277 2176 relaxamus,
1320 2085 1454 2158 eisdem
1497 2083 1645 2185 Majori,

437 2185 583 2277 ballivo,
636 2203 672 2260 et
728 2187 996 2277 Communitati,
1043 2187 1265 2261 omnimodas
1317 2185 1477 2276 offensas,
1529 2200 1647 2259 trans-

435 2288 642 2386 gressiones,
695 2287 951 2386 mesprisiones,
1002 2305 1243 2387 contemptus,
1294 2287 1352 2360 vel
1411 2285 1647 2385 negligendas

434 2389 704 2476 concelamenta,
738 2389 977 2486 deceptiones,
1011 2386 1191 2478 falsitates,
1225 2387 1469 2487 impeticiones
1502 2402 1538 2459 et
1579 2387 1647 2460 alia

437 2487 619 2563 malefacta
652 2514 876 2589 quecumque
919 2516 981 2589 per
1023 2490 1117 2588 ipsos
1152 2489 1342 2590 Majorem,
1376 2487 1566 2576 Ballivum,
1608 2503 1646 2560 et

436 2589 755 2680 communitatem,
797 2606 877 2664 ante
927 2591 1063 2664 dictum
1114 2591 1317 2664 visesimum
1360 2589 1507 2663 tercium
1550 2589 1645 2662 diem

439 2690 573 2789 Aprilis
588 2691 891 2792 qualitercumque
902 2690 1010 2766 factas
1025 2691 1098 2765 sive
1116 2707 1342 2791 perpetratas,
1354 2707 1477 2764 contra
1492 2688 1647 2763 formam

435 2791 598 2866 omniurn
615 2807 650 2866 et
667 2793 891 2894 singulorum
910 2809 1126 2868 statutorum
1143 2793 1187 2868 de
1204 2791 1443 2866 laborantibus
1461 2790 1648 2865 servienti-

437 2891 502 2965 bus
530 2911 566 2967 et
597 2895 820 2986 vacabundis,
848 2895 959 2969 aede
988 2895 1097 2994 signis
1126 2911 1162 2967 et
1191 2893 1346 2968 liberatis
1379 2917 1578 2992 pannorum
1608 2909 1645 2965 et

437 2994 659 3092 tapiciorum,
703 3021 742 3068 ac
783 2997 828 3069 de
866 2993 1126 3070 retencionibus
1167 2995 1298 3069 illicitis
1338 2993 1643 3094 quibuscumque:

437 3095 587 3170 Necnon
601 3096 645 3169 de
658 3112 824 3195 apparatu
837 3113 874 3171 et
886 3123 953 3170 usu
963 3096 1115 3170 vestium
1128 3112 1164 3170 et
1175 3112 1418 3195 apparatuum,
1432 3121 1470 3168 ac
1482 3095 1644 3168 omniurn

436 3213 472 3269 et
506 3197 729 3296 singulorum
762 3196 914 3272 aliorum
947 3214 1173 3286 statutorum,
1207 3213 1243 3271 et
1287 3223 1411 3271 eorum
1446 3195 1643 3297 cujuslibet,

439 3313 519 3370 ante
553 3297 751 3395 predictum
790 3299 996 3372 vicesimum
1039 3298 1189 3373 tercium
1222 3297 1317 3372 diem
1350 3297 1531 3372 editorum
1572 3297 1648 3370 sive

437 3398 680 3497 provisorum:
725 3423 764 3472 ac
798 3423 920 3472 omnes
961 3397 1200 3473 forisfacturas
1241 3398 1579 3498 condempnaciones
1611 3415 1648 3470 et

437 3497 663 3572 denariorum
681 3523 836 3572 summas
853 3499 954 3574 nobis
974 3500 1110 3574 ratione
1126 3527 1187 3574 seu
1204 3501 1363 3574 occasion
1381 3499 1645 3598 premissorum,

436 3597 511 3672 sive
532 3623 656 3672 eorum
683 3600 842 3701 alicujus,
859 3601 1166 3702 qualitercumque
1179 3601 1395 3701 pertinentes
1415 3599 1552 3674 debitas
1571 3601 1645 3672 sive

437 3715 656 3798 spectantes:
693 3701 743 3774 Et
782 3703 920 3776 easdem
962 3701 1201 3776 forisfacturas
1243 3701 1581 3800 condempnaciones
1608 3716 1645 3774 et

436 3800 663 3875 denariorum
680 3827 834 3876 summas
854 3804 970 3878 eidem
994 3804 1141 3904 Majori,
1159 3802 1308 3894 ballivo,
1325 3819 1361 3878 et
1373 3801 1644 3892 Communitati,

436 3928 498 4000 per
524 3917 701 4000 presentes
725 3902 850 3978 damus
879 3922 915 3978 et
941 3903 1176 3994 concedimus,
1203 3905 1352 3979 habend’
1377 3903 1443 3977 sibi
1473 3903 1517 3977 de
1546 3903 1644 3978 dono

437 4019 560 4076 nostro
583 4002 715 4103 absque
735 4023 904 4103 compoto
924 4031 986 4079 seu
1006 4005 1125 4105 aliquo
1150 4005 1219 4080 alio
1242 4004 1343 4080 nobis
1368 4005 1450 4080 inde
1473 4004 1642 4080 reddend'

434 4103 594 4178 solvend’
627 4129 688 4178 seu
722 4103 883 4182 faciend'.
953 4107 1013 4182 Er
1055 4107 1273 4198 Ursinus,
1308 4106 1556 4205 perdonamus,
1586 4129 1643 4179 re·

434 4205 621 4296 mittimus,
656 4222 692 4280 et
719 4207 913 4281 relaxamus
946 4207 1077 4282 eisdem
1110 4205 1255 4308 Majori,
1285 4207 1434 4298 Ballivo,
1462 4221 1497 4281 et
1532 4207 1643 4280 Com·

433 4307 611 4396 munitati,
646 4309 868 4383 omnimodas
896 4309 1085 4384 demandas
1118 4309 1287 4384 articulos
1316 4308 1451 4382 itineris
1483 4308 1642 4381 destruc-
