3728 5258
428 412 472 481 82
787 400 963 477 DOVER
990 399 1267 474 CHARTERS

427 603 542 676 brevis
580 602 624 675 ad
663 625 753 698 opus
790 598 876 673 dieti
911 598 1116 674 Godescalci
1150 599 1226 674 fieri
1261 625 1333 676 non
1371 599 1532 675 debcant.
1582 599 1633 674 Et

427 703 607 804 predictus
624 700 837 776 Vincencius
860 699 949 775 dicit
973 700 1072 799 quod
1095 727 1157 800 per
1183 702 1291 776 breve
1317 701 1455 776 domini
1473 700 1582 801 Regis
1598 718 1634 774 et

428 830 491 905 per
528 803 737 879 mandatum
771 801 906 877 domini
941 799 1201 876 Constabularii
1231 801 1314 876 inde
1344 802 1521 876 directum
1549 827 1635 900 sup-

670 902 818 1004 ponitur
843 918 930 975 tunc
957 902 1134 1004 Majorem
1160 901 1254 976 Ville
1277 903 1323 976 de
1355 902 1569 1002 Wynchelse
1597 919 1635 975 et

430 1007 617 1080 Restitutio.
670 1005 848 1078 Ballivum
874 1002 1033 1104 ejusdem
1061 1003 1143 1078 ville
1170 1028 1276 1104 super
1297 1004 1473 1103 premissis
1488 1028 1635 1102 respon-

672 1129 783 1179 suros.
836 1104 887 1178 Et
903 1128 966 1203 per
981 1121 1167 1179 rotomum
1185 1105 1342 1180 mandati
1359 1106 1458 1180 dicto
1483 1104 1635 1179 Custodi

430 1224 473 1283 ut
501 1207 722 1306 premittitur
751 1221 894 1304 apparet
923 1205 1022 1304 quod
1051 1204 1259 1281 Valentinus
1287 1208 1332 1282 de
1361 1210 1525 1282 Dovorra
1551 1223 1636 1282 tunc

432 1309 554 1410 Major
581 1307 675 1383 dicte
706 1306 788 1380 ville
817 1321 980 1381 mortuus
1008 1324 1073 1396 est,
1102 1323 1138 1380 et
1164 1332 1237 1381 non
1263 1307 1430 1407 intelligit
1447 1307 1545 1407 quod
1562 1308 1637 1406 ipse

431 1411 506 1484 sine
523 1408 770 1483 executoribus
785 1407 922 1482 dictum
939 1406 1170 1481 Valentinum
1190 1408 1237 1506 [l]
1263 1408 1474 1506 respondere
1490 1408 1636 1484 debeat:

433 1513 484 1587 Et
521 1510 604 1610 quia
633 1509 742 1584 Curia
770 1507 848 1582 vult
876 1533 982 1607 super
1011 1509 1087 1581 istis
1112 1507 1307 1599 informari,
1336 1511 1453 1582 Datus
1481 1526 1534 1584 est
1563 1509 1638 1584 dies

432 1611 593 1712 partibus
617 1626 670 1684 est
693 1609 794 1704 Jovis
819 1609 984 1707 proximo
1001 1625 1081 1707 post
1101 1608 1266 1709 [festum]
1285 1609 1499 1684 inventionis
1515 1611 1638 1684 Sancte

696 1709 821 1784 Crucis
871 1710 1074 1807 proximum
1121 1709 1310 1784 futurum:
1364 1711 1415 1785 Et
1460 1711 1639 1809 predictus

433 1813 637 1887 Attomatus.
696 1809 914 1884 Godesealkc
941 1812 1042 1909 ponit
1073 1811 1152 1885 loco
1181 1837 1248 1886 suo
1279 1811 1482 1886 Henricum
1506 1811 1640 1910 Glyant

697 1927 925 1985 mercatorem
939 1913 1128 1985 Almannie
1140 1930 1176 1986 et
1194 1912 1390 1986 Robertum
1402 1914 1446 1987 de
1460 1913 1640 1987 Caustone

434 2011 654 2114 conjunctim
680 2027 715 2085 et
739 2011 909 2101 divisim3
936 2012 987 2086 Et
1012 2013 1191 2110 predictus
1215 2015 1425 2088 Vincencius
1442 2015 1544 2113 ponit
1560 2014 1641 2088 loco

434 2141 499 2189 suo
517 2112 714 2189 Robertum
730 2113 776 2186 de
791 2112 912 2186 Penne
930 2113 966 2186 in
983 2111 1113 2211 placito
1128 2114 1300 2211 predicto.

510 2313 622 2386 Breve
646 2311 783 2386 domini
815 2310 922 2410 Regis
938 2308 1111 2385 directum
1128 2307 1198 2385 fuit
1216 2311 1364 2385 Custodi
1383 2314 1543 2414 quinque
1560 2338 1643 2411 por-

435 2431 540 2488 tuum
562 2413 687 2486 harum
703 2411 828 2486 seriem
845 2412 1039 2488 continens

512 2609 715 2703 Eduardo,
728 2628 784 2682 etc.
825 2609 998 2704 Querelam
1014 2607 1184 2701 Johannis
1196 2609 1235 2682 de
1249 2611 1367 2697 Mare,
1388 2609 1588 2681 Mercatoris
1605 2609 1644 2680 de

441 2711 570 2804 Januo,
588 2728 620 2783 et
637 2710 735 2782 Petri
753 2708 935 2802 Johanm's,
954 2713 1155 2784 Mercatoris
1172 2710 1212 2783 de
1220 2707 1398 2802 fflorentia‚
1427 2728 1459 2781 et
1486 2711 1644 2783 sociorum

437 2835 577 2901 summ,
592 2813 767 2910 recepimus
779 2814 1000 2900 continentem,
1014 2830 1069 2885 etc.
1090 2825 1196 2909 prout
1215 2824 1311 2908 patet
1328 2809 1366 2882 in
1383 2809 1492 2887 brevi.

516 3008 566 3082 Et
596 3023 717 3106 postea
743 3007 860 3081 dictus
886 3008 1064 3102 Johannes
1094 3025 1129 3082 et
1149 3007 1276 3082 Petrus
1301 3027 1490 3107 opponunt
1513 3034 1561 3098 se,
1579 3025 1646 3084 etc.

442 3110 548 3183 Utin
565 3109 718 3209 quadam
735 3109 860 3183 cedula
875 3124 983 3209 patet,
1002 3125 1065 3185 etc.
1121 3108 1172 3182 Et
1188 3108 1317 3183 habent
1334 3110 1429 3184 diem
1446 3128 1573 3210 partes,
1591 3110 1649 3184 die

440 3209 542 3306 Jovis
582 3210 747 3310 proximo
789 3225 871 3308 post
913 3208 1045 3284 festum
1093 3209 1307 3284 inventionis
1351 3211 1476 3287 Sancte
1524 3212 1649 3286 Crucis

441 3313 644 3412 proximum
670 3307 844 3399 futurum,
872 3324 939 3384 etc.

517 3508 631 3581 Breve
641 3506 777 3582 domini
788 3505 894 3606 Regis
904 3506 1111 3580 mandatum
1123 3503 1192 3581 fuit
1202 3532 1269 3606 pro
1282 3507 1404 3582 Priore
1417 3509 1533 3583 Sancti
1548 3509 1651 3582 Mar-

444 3609 511 3682 tini
538 3608 583 3682 de
610 3610 775 3683 Dovorra
800 3607 838 3680 in
866 3608 930 3682 hec
957 3607 1083 3684 verba:
1110 3609 1313 3698 Edwardus,
1341 3625 1406 3682 etc.
1459 3610 1545 3685 Ideo
1571 3635 1652 3709 pre-

443 3709 615 3807 scriptum
632 3725 686 3783 est
704 3708 838 3809 Majori
855 3725 891 3780 et
909 3708 1046 3782 Ballivo
1062 3709 1228 3783 Dovorre
1248 3710 1347 3809 quod
1371 3710 1493 3785 venire
1518 3709 1652 3784 faciunt

445 3811 505 3884 xii.
524 3809 654 3910 probos
669 3825 706 3883 et
721 3809 849 3908 legales
865 3810 1037 3898 homines,
1055 3825 1134 3901 etc,
1153 3811 1252 3909 quod
1269 3811 1340 3884 sint
1357 3837 1474 3886 coram
1493 3812 1653 3886 Custode

447 3910 504 3986 vel
521 3910 596 4013 ejus
611 3911 691 3984 loco
708 3927 851 3985 tenente
868 3910 912 3984 ad
938 3909 1131 3984 Ecclesiam
1156 3912 1269 3984 Sancti
1297 3912 1419 4010 Jacobi
1445 3915 1488 3986 ad
1515 3914 1654 4014 inquir-

447 4012 581 4086 endum
608 4036 713 4109 super
739 4010 904 4085 omnibus
929 4027 966 4086 et
993 4011 1143 4111 singulis
1169 4013 1206 4085 in
1233 4012 1332 4088 dicto
1349 4013 1446 4087 brevi
1464 4015 1653 4103 contentis,

449 4129 530 4204 etc,
555 4112 615 4186 tali
640 4111 709 4200 die,
735 4129 802 4186 etc.

1664 4301 1667 4308 ‘

1815 4852 1826 5168 l
