3702 5254
459 434 533 530 ³⁶4
818 433 999 509 novun
1024 433 1304 510 erraremus

989 631 1126 714 CVI.

845 805 1019 888 xxJuut,
1039 803 1062 872 6
1082 805 1185 876 new.
1206 805 1270 876 vt

457 959 601 1034 Scraur
623 975 803 1060 presentes
818 975 855 1035 et
871 957 987 1034 futuri
1000 960 1100 1061 quod
1116 983 1197 1061 ego,
1215 959 1389 1035 Ricardus
1407 958 1564 1049 Collard,
1579 956 1666 1033 dedi

458 1061 609 1134 concessi
643 1077 680 1136 et
716 1062 780 1136 hcc
813 1061 965 1161 presenti
1005 1077 1102 1136 carta
1134 1087 1212 1134 mea
1239 1061 1421 1136 indentate
1454 1058 1665 1134 confirmavi

459 1161 622 1236 Henrico
645 1163 776 1261 Jekyn,
803 1177 839 1236 et
864 1162 1018 1259 Johanni
1043 1161 1148 1258 Jolle,
1166 1188 1281 1238 unum
1306 1163 1527 1262 mesuagium
1551 1185 1665 1233 unum

458 1265 659 1363 pomarium
675 1279 712 1338 et
738 1288 869 1338 novem
884 1288 978 1338 ccras
994 1278 1030 1338 et
1052 1263 1237 1338 dimidiam
1253 1289 1368 1338 acram
1392 1279 1485 1338 terre
1500 1278 1538 1337 et
1556 1261 1666 1350 bosci,

458 1365 553 1440 unde
581 1365 721 1439 dictum
747 1363 966 1465 mesuagium
992 1363 1189 1464 pomarium
1212 1380 1249 1439 et
1275 1365 1346 1438 due
1371 1389 1449 1438 acra
1471 1382 1566 1438 terre
1590 1363 1666 1436 sive

458 1465 576 1540 minus
599 1466 674 1541 sive
696 1465 814 1539 minus
824 1462 873 1638 φ)
899 1489 982 1539 cum
990 1466 1229 1640 ἄηίηοιιοὶἱε
1247 1465 1366 1566 jacent
1391 1481 1427 1539 et
1449 1465 1608 1539 existunt
1628 1463 1665 1536 in

458 1565 623 1666 parochia
647 1566 692 1640 de
718 1568 822 1666 Swyn
839 1565 909 1656 eld,
927 1565 964 1640 in
1047 1567 1175 1641 mitatu
1200 1567 1343 1656 Kancie,
1362 1566 1458 1663 apud
1484 1566 1666 1666 quoddam

458 1667 578 1741 locum
599 1667 793 1767 vulgariter
817 1683 1062 1764 nuncupatum
1088 1668 1268 1767 Everyng‚
1293 1668 1338 1742 ad
1363 1669 1496 1768 regiam
1521 1682 1666 1741 stratam

457 1767 589 1843 ibidem
605 1793 730 1844 versus
754 1770 874 1856 scuth,
891 1783 929 1842 et
945 1769 1102 1868 predicte
1126 1784 1263 1868 septem
1279 1793 1356 1842 acre
1372 1785 1408 1843 et
1423 1767 1572 1843 dinudia
1588 1791 1666 1839 acra

457 1885 551 1944 terre
567 1884 603 1943 et
621 1869 716 1944 bosci
734 1869 953 1944 con'unctim
965 1869 1084 1987 jacent
1101 1869 1138 1942 in
1155 1870 1269 1944 tribus
1286 1868 1393 1968 peciis
1414 1869 1490 1946 sive
1506 1865 1666 1968 parcellis

458 1971 496 2044 in
520 1971 686 2086 parochia
709 1969 755 2044 de
831 1971 952 2062 kham,
970 1997 1007 2044 rn
1032 1970 1202 2045 comitatu
1227 1971 1398 2071 predicto,
1443 1995 1567 2044 uarum
1593 1993 1666 2044 una

458 2096 557 2172 pecta
580 2070 765 2145 continens
789 2071 978 2171 qu[atuor]
1006 2097 1102 2146 acras
1127 2087 1228 2161 terre,
1245 2087 1371 2146 vocata
1441 2069 1665 2171 assyngbam,

457 2173 567 2246 alters
583 2171 683 2270 pecia
697 2171 806 2264 bosci,
824 2172 1008 2246 continens
1024 2197 1133 2246 unam
1149 2197 1265 2246 seram
1289 2188 1324 2246 et
1341 2171 1526 2247 dimidiam
1550 2195 1666 2246 acram

459 2273 569 2362 bosci,
588 2287 712 2348 vocata
736 2273 911 2364 Ghoshet,
934 2289 972 2347 et
995 2273 1104 2349 tercia
1123 2273 1220 2374 pecia
1246 2274 1429 2348 continens
1458 2273 1545 2349 duas
1569 2297 1666 2349 acras

458 2391 551 2448 terre
584 2390 620 2447 ct
652 2373 788 2475 adjacet
821 2374 865 2448 ad
894 2375 1088 2473 predictam
1121 2399 1235 2448 acram
1267 2389 1305 2448 et
1337 2374 1521 2450 dimidiam
1551 2399 1665 2447 acram

459 2473 566 2562 bosci,
584 2491 621 2550 et
638 2499 750 2574 nuper
764 2475 956 2576 perquisita
968 2474 1051 2550 ffuit
1068 2476 1282 2572 deJohanne
1293 2475 1418 2575 Colley
1434 2505 1442 2550 ε
1461 2475 1611 2549 habend’
1628 2491 1666 2548 et

460 2576 600 2650 tenend'
617 2590 690 2649 tam
717 2575 876 2674 predicta
898 2577 1131 2676 mesuagium,
1157 2577 1369 2674 pomarium,
1395 2592 1432 2650 et
1456 2576 1547 2651 duos
1571 2599 1667 2650 acres

459 2692 552 2750 terre
581 2700 663 2750 cum
693 2676 917 2774 pertinenciis
955 2677 991 2750 in
1022 2677 1186 2778 parochia
1218 2677 1263 2751 de
1291 2676 1469 2778 Swynfeld
1499 2675 1666 2776 predicta,

458 2801 566 2952 iiii
583 2777 1480 2979 tf‘sssstni‘tzmmm‘tttdssstt?
1503 2792 1667 2954 {322⁰th

458 2980 589 3076 Jekyn,
607 2994 643 3053 et
667 2978 828 3073 Johanne
846 2977 950 3079 jolle,
967 2995 1003 3053 et
1029 2979 1217 3054 heredibus
1233 2981 1305 3054 suis
1330 2981 1604 3081 imperpetuum,
1621 2979 1666 3054 ad

462 3104 568 3154 usum
594 3079 663 3153 mei
694 3079 843 3178 predicti
874 3080 1016 3154 Ricardi
1043 3081 1198 3169 Collard,
1227 3106 1293 3180 pro
1319 3081 1474 3155 termino
1499 3081 1571 3154 vite
1588 3105 1667 3154 mee

459 3180 608 3297 predicti
627 3179 779 3298 Ricardi·
795 3179 927 3298 absque
949 3179 1174 3298 impeticione
1196 3183 1298 3271 vasti,
1316 3197 1352 3256 et
1376 3199 1463 3300 ppst·
1483 3182 1665 3257 decessum

458 3307 528 3454 iii
554 3283 708 3472 titt?
730 3281 1082 3456 dbfitduttr
1101 3281 1667 3483 rttssttrssttbidtb

457 3481 614 3558 dominis
630 3479 727 3556 feodi
745 3483 839 3556 illius
855 3507 919 3581 per
936 3483 1080 3558 servicia
1095 3483 1179 3557 inde
1200 3483 1301 3582 prius
1322 3483 1441 3558 debita
1462 3502 1498 3559 et
1518 3485 1564 3560 de
1583 3484 1667 3586 jure

458 3597 647 3657 consueta:
676 3582 727 3656 Et
739 3607 818 3682 ego,
836 3583 1015 3682 predictus
1029 3583 1200 3659 Ricardus
1211 3584 1369 3679 Collard,
1382 3602 1418 3660 et
1430 3586 1575 3661 heredes
1584 3585 1667 3677 mei,

458 3683 656 3784 predictum
682 3685 911 3784 mesuagium,
938 3685 1148 3784 pomarium,
1174 3700 1211 3758 et
1244 3703 1359 3762 cetera
1385 3686 1554 3786 premissa
1585 3712 1664 3760 cum

503 3782 683 3859 rtinenciis
716 3783 861 3900 prefatis
891 3785 1055 3861 Henrico
1087 3787 1217 3886 Jekyn‚
1244 3802 1282 3861 et
1311 3786 1463 3881 Johanni
1492 3785 1596 3883 Jolle,
1629 3803 1667 3862 et

458 3809 647 3960 iioedibus
678 3909 760 3974 surs,
789 3887 834 3960 ad
867 3909 972 3960 usum
1001 3885 1203 3986 predictum
1232 3903 1356 3962 contra
1388 3913 1511 3963 omnes
1543 3905 1667 3990 gentes

460 3984 765 4063 warantizabimus
782 3987 1045 4087 imperpetuum
1062 4012 1126 4088 per
1142 4004 1329 4086 presentes.

535 4088 577 4160 In
603 4086 702 4187 cujus
727 4087 777 4160 rei
804 4089 1049 4162 testimonium
1074 4089 1216 4189 utrique
1245 4090 1336 4189 parti
1361 4089 1468 4191 hujus
1492 4090 1666 4190 presentis

458 4205 552 4264 carte
569 4213 646 4262 mee
661 4187 840 4263 indentate
856 4189 1013 4294 sigillum
1030 4214 1150 4265 meum
1166 4193 1322 4291 apposui.
