3728 5258
464 443 512 513 80
835 435 1015 511 DOVER
1042 433 1321 510 CHARTERS

460 617 597 691 cionem
615 633 738 692 contra
763 617 886 690 Cartas
914 632 951 688 et
977 615 1155 688 libertates
1183 615 1365 690 Baronum
1390 629 1563 710 portuum
1586 633 1668 707 pre-

459 718 652 809 dictorum,
694 746 715 793 a
749 717 924 791 Domino.
945 718 1043 816 Rege
1076 734 1113 790 et
1142 714 1443 814 predecessoribus
1475 714 1550 785 suis
1583 735 1668 785 con·

460 819 627 912 firmatas,
661 836 698 894 et
723 819 891 892 hactenus
916 845 936 891 a
962 835 1124 916 tempore
1146 842 1220 916 quo
1247 816 1417 890 memoria
1442 840 1514 888 non
1547 812 1668 885 existit

462 936 611 1011 umatus,
645 921 867 994 continentes
900 919 999 1019 quod
1026 920 1054 991 si
1089 920 1170 1017 quis
1202 933 1325 991 contra
1351 915 1463 990 dictas
1489 913 1668 988 libertates

460 1037 654 1119 atemptare
687 1021 943 1119 presumpserit
975 1019 1124 1094 Custodi
1151 1019 1322 1119 Quinque
1357 1018 1534 1090 Portuum
1567 1040 1601 1088 x.
1629 1015 1667 1090 li.

460 1121 715 1222 sterlingorum
733 1121 867 1198 solvere
896 1136 1045 1212 tenetur,
1061 1121 1316 1219 quamquidem
1341 1117 1601 1192 districtionem
1626 1133 1667 1190 ut

460 1223 679 1322 premittitur
695 1224 787 1321 cepit
805 1223 924 1297 minus
942 1221 1033 1296 'uste
1049 1238 1086 1295 et
1102 1238 1226 1295 contra
1241 1221 1419 1294 libertates
1436 1217 1607 1317 predictas
1623 1217 1668 1290 ad

460 1324 655 1424 dampnum
670 1323 821 1425 Majoris
838 1324 924 1397 dieti
935 1247 1068 1396 l²ortus
1084 1347 1116 1400 u
1130 1321 1180 1412 li.,
1194 1339 1229 1396 et
1246 1324 1283 1395 in
1299 1345 1406 1420 grave
1423 1335 1667 1417 contemptum

461 1425 610 1499 Domini
629 1425 747 1525 Regis,
765 1442 802 1498 et
821 1424 992 1499 Custodis
1009 1424 1098 1524 quin
1124 1449 1168 1496 ue
1193 1439 1376 1522 portuum,
1393 1439 1458 1497 etc
1513 1419 1562 1494 Et
1588 1444 1670 1517 pre-

459 1527 579 1601 dictus
613 1527 797 1600 Henricus
827 1525 970 1600 veniens
996 1543 1033 1598 et
1059 1449 1262 1613 delendens,
1297 1523 1480 1621 respondit
1508 1537 1543 1594 et
1571 1521 1666 1610 dicit,

762 1627 862 1726 quod
880 1626 1013 1701 nullam
1037 1625 1299 1700 districcionem
1326 1627 1418 1723 cepit
1444 1621 1537 1696 infra
1562 1620 1670 1694 liber-

461 1729 646 1823 Preceptum
665 1747 717 1805 est.
762 1744 871 1802 tatem
896 1753 995 1800 suam
1012 1742 1048 1799 et
1077 1727 1166 1826 petit
1192 1725 1290 1826 quod
1317 1726 1528 1824 inquiratur.
1581 1722 1669 1796 Ideo

764 1845 970 1928 preceptum
987 1845 1051 1902 est.
1081 1885 1089 1902 .
1119 1886 1127 1902 .
1157 1887 1165 1902 .

536 2005 648 2077 Breve
665 2004 800 2078 domini
821 2005 928 2103 Regis
944 2005 1120 2078 directum
1145 2002 1214 2077 fuit
1241 2003 1391 2078 Custodi
1409 2005 1567 2102 quinque
1588 2028 1669 2102 por-

461 2121 566 2178 tuum
594 2106 719 2179 harum
746 2107 869 2179 seriem
886 2107 1079 2180 continens.

536 2281 741 2374 Edwardus,
758 2300 829 2370 etc.,
854 2281 1061 2355 Mandanus
1077 2280 1172 2354 vobis
1199 2280 1287 2378 quod
1306 2285 1519 2367 executionem
1537 2279 1670 2373 Judicii

461 2402 569 2479 nuper
598 2383 722 2457 redditi
750 2387 786 2456 in
819 2383 925 2456 Curio
951 2399 1060 2454 nostra
1092 2381 1251 2453 Dovorre
1280 2383 1319 2453 de
1345 2382 1470 2478 loquela
1489 2407 1548 2479 que
1565 2401 1670 2478 nuper

452 2484 530 2580 filit
554 2487 589 2556 in
616 2486 724 2557 eadent
756 2485 860 2557 Curia
887 2508 996 2557 coram
1024 2482 1247 2554 Bartholomao
1265 2483 1304 2554 de
1322 2481 1546 2577 Burghesshe,
1564 2501 1670 2578 nuper

466 2584 716 2659 Constabulorio
747 2586 856 2657 Castri
884 2601 916 2656 et
944 2583 1079 2657 Custode
1103 2600 1256 2678 portuum
1283 2581 1467 2668 eorundem,
1485 2586 1554 2654 sine
1572 2583 1671 2655 brevi

462 2704 578 2773 nostro,
611 2690 698 2758 inter
717 2685 949 2759 Godescalcurn
974 2684 1175 2756 Bredenelite
1193 2685 1413 2756 Mercatorem
1434 2681 1614 2755 Almannie
1640 2701 1673 2755 et

462 2790 548 2859 inter
574 2787 741 2883 Majorern
768 2804 801 2858 et
826 2786 977 2859 Ballivos
999 2785 1081 2856 ville
1108 2785 1147 2856 de
1169 2783 1362 2878 Wynclrelse,
1382 2781 1551 2856 decatallis
1568 2785 1671 2879 ipsius

466 2887 656 2961 Godescalci
678 2890 782 2984 captis
797 2904 831 2959 et
845 2889 965 2984 injuste
981 2886 1115 2959 detentis
1142 2902 1180 2958 ut
1204 2884 1388 2972 dicebatur,
1418 2886 1486 2957 sine
1515 2883 1671 2958 dilatione

457 2987 536 3078 fieri
542 2989 690 3086 faciatis.
745 2987 850 3079 Teste,
868 3004 939 3080 etc.‚
957 3013 990 3060 n.
1007 2987 1059 3060 die
1077 2987 1217 3080 Aprilis,
1234 3003 1414 3076 etc.,·tanno
1431 2987 1535 3082 xxxij,
1552 3003 1609 3074 etc.

538 3193 682 3267 Virtute
707 3191 808 3292 cujus
833 3189 950 3267 brevis
975 3189 1181 3263 mandatum
1209 3186 1278 3261 fuit
1306 3187 1440 3290 Majori
1469 3205 1506 3261 et
1533 3188 1672 3263 Bellivo

463 3295 509 3370 de
542 3293 759 3392 Wynchelse
793 3290 892 3390 quod
918 3291 1005 3364 scire
1030 3288 1185 3364 facerent
1210 3288 1401 3363 Valentino
1425 3289 1471 3362 de
1496 3287 1672 3384 Dovorm,

465 3394 645 3495 Majorem
686 3395 725 3494 [l]
775 3392 870 3465 dicte
921 3391 1003 3466 ville
1062 3408 1222 3489 tempore
1273 3391 1443 3489 captionis
1492 3390 1671 3466 dictorum

464 3496 652 3586 bonorum,
675 3512 712 3568 et
739 3492 936 3568 Vincentio
961 3491 1088 3565 tiinche
1113 3507 1198 3565 tunc
1224 3490 1363 3567 Ballivo
1388 3491 1470 3566 ville
1504 3492 1671 3589 predicte.

464 3596 515 3670 Et
532 3611 715 3670 retornant
733 3594 942 3668 mandatum
959 3617 1064 3667 suum
1090 3593 1127 3664 in
1152 3593 1216 3666 hac
1232 3590 1359 3666 forma.
1413 3593 1506 3666 Scire
1524 3590 1674 3666 fecimus

1408 3693 1429 3891 l
1465 3742 1674 3818 Valentinus

464 3901 509 3974 de
527 3899 694 3972 Dovorra
721 3913 885 3971 mortuus
911 3914 988 3971 est:
1016 3895 1066 3969 Et
1092 3895 1208 3969 dictus
1235 3894 1446 3968 Vincentius
1468 3919 1610 3993 presens
1636 3893 1673 3966 in

466 4000 575 4074 Curia
600 3999 692 4098 petit
720 3998 850 4072 auditis
874 3996 1022 4071 recordo
1047 4014 1083 4071 et
1108 4020 1275 4094 processu
1305 3995 1393 4070 dicti
1421 3995 1462 4094 [l]
1492 4020 1677 4095 recupera-

465 4100 584 4190 tionis,
601 4099 731 4200 quibus
760 4099 872 4188 lectis,
889 4097 1006 4172 dictus
1031 4096 1242 4171 vincencius
1268 4095 1444 4171 allocutus
1471 4097 1592 4195 siquid
1609 4120 1676 4196 pro

465 4228 501 4276 se
519 4201 642 4275 habeat
660 4202 716 4276 vel
734 4200 851 4297 dicere
868 4200 955 4274 sciat
972 4225 1081 4298 quare
1097 4198 1192 4272 dicta
1209 4197 1332 4272 catalla
1357 4197 1394 4270 in
1412 4199 1511 4273 dicto
1526 4197 1676 4272 recordo

464 4318 629 4388 contenta
655 4303 700 4380 de
728 4301 829 4377 bonis
855 4317 891 4374 et
919 4300 1049 4375 catallis
1076 4301 1148 4374 suis
1175 4298 1370 4376 secundum
1404 4297 1557 4376 formum
1587 4299 1674 4375 dicti
