3616 5264
457 465 529 540 442
819 447 1001 523 novnn
1027 447 1306 524 ennarrans

950 645 1168 726 CXXX

829 819 877 902 lili
899 819 1132 902 septembr-la,
1153 831 1174 903 7
1195 821 1285 887 Elia

460 967 550 1042 Hac
584 969 774 1046 indentura
805 987 955 1048 testatur
1014 975 1088 1050 uod
1118 973 1321 1048 Willelmus
1358 974 1528 1057 Burden.
1562 966 1682 1067 Major

459 1068 542 1143 ville
566 1088 603 1146 ct
628 1088 753 1171 portus
776 1075 915 1164 Dovor,
934 1090 971 1149 et
986 999 1103 1170 jurati
1119 1075 1268 1164 ibidem,
1285 1075 1458 1149 unanimo
1476 1095 1635 1148 mensu
1649 1083 1681 1139 et

458 1195 633 1246 concensu
663 1198 728 1272 pro
755 1191 793 1248 et
822 1177 858 1248 in
889 1175 1032 1250 nomine
1065 1177 1176 1250 totius
1213 1175 1483 1250 communitatis
1518 1169 1682 1273 ejusdem

458 1271 542 1346 ville
557 1273 795 1365 tradiderunt,
812 1293 1069 1368 concesserunt,
1086 1293 1122 1352 et
1139 1277 1184 1352 ad
1196 1273 1292 1351 feodi
1306 1277 1444 1350 firmam
1457 1275 1683 1350 dimiserunt

458 1371 601 1447 Thome
627 1375 807 1464 Wattson
835 1378 881 1452 de
908 1376 992 1452 villa
1017 1396 1054 1454 et
1080 1394 1188 1477 portu
1204 1377 1384 1475 predictis,
1400 1377 1554 1472 Jurato,
1575 1393 1682 1446 unam

459 1473 593 1572 peciam
628 1492 733 1566 terre,
770 1501 850 1550 cum
878 1477 1044 1553 omnibus
1068 1478 1142 1552 suis
1156 1477 1403 1579 pertinenciis,
1424 1477 1621 1579 jacentem
1647 1484 1682 1541 et

459 1575 665 1650 existentem
700 1575 793 1652 infra
826 1579 1058 1669 Libertatem,
1091 1578 1187 1668 ville,
1219 1595 1258 1654 et
1285 1595 1412 1679 portus
1449 1574 1617 1677 predicti
1647 1571 1681 1642 in

461 1675 678 1752 Halvenden
708 1678 852 1767 Warde,
885 1679 921 1754 in
952 1681 1033 1754 vico
1063 1696 1189 1754 vocato
1217 1680 1427 1769 brodstrete,
1458 1680 1564 1752 inter
1582 1693 1682 1749 tene-

460 1793 621 1851 mentum
671 1777 844 1854 Willelmi
887 1780 983 1854 Calle
1031 1805 1151 1855 versus
1198 1781 1389 1868 northeast,
1440 1796 1681 1853 communem

460 1876 619 1951 venelam
650 1905 770 1954 versus
806 1881 997 1973 southcast,
1027 1897 1272 1956 tenementum
1305 1881 1476 1955 heredum
1518 1872 1679 1952 Adriani

460 1977 587 2052 White
628 2005 750 2055 versus
791 1982 994 2072 southwest,
1038 2000 1075 2058 et
1110 1981 1312 2082 predictum
1349 1982 1467 2055 vicum
1501 1993 1679 2054 vocatum

459 2077 657 2154 brodstrete
683 2105 803 2155 versus
829 2083 1045 2158 northwest:
1075 2082 1244 2158 Habend’
1261 2099 1298 2156 et
1313 2081 1456 2156 tenend’
1474 2080 1678 2180 predictam

460 2179 592 2280 peciam
622 2196 717 2255 terre
746 2207 829 2256 cum
858 2184 1023 2258 omnibus
1050 2183 1123 2258 suis
1152 2183 1376 2284 pertinenciis
1392 2180 1536 2284 prefato
1553 2181 1678 2254 Tome

462 2280 640 2375 Wattson,
676 2281 863 2358 heredibus
894 2301 931 2358 et
964 2285 1148 2386 assignatis
1175 2285 1260 2375 suis,
1288 2301 1325 2358 et
1353 2285 1398 2358 ad
1427 2307 1534 2358 usum
1561 2279 1676 2381 ipsius

459 2380 604 2454 Thome
641 2382 821 2475 Wattson,
856 2385 1029 2460 heredum
1058 2402 1096 2459 et
1124 2387 1380 2486 assignatorum
1408 2408 1573 2471 suorum,
1606 2403 1674 2478 pto

460 2481 615 2558 termino
643 2483 714 2585 rntj.
744 2509 930 2576 annorum,
959 2503 996 2560 et
1023 2486 1172 2562 ulterius
1200 2486 1246 2560 de
1262 2485 1331 2587 rnrj.
1350 2509 1523 2560 annorum
1541 2485 1581 2558 in
1600 2477 1671 2580 xxj

459 2605 635 2658 annorum
651 2597 737 2658 tunc
753 2585 1001 2685 proximorum
1016 2586 1253 2688 sequentium,
1269 2611 1381 2687 usque
1402 2587 1440 2660 in
1464 2587 1576 2660 finem
1603 2599 1672 2656 ter·

461 2681 549 2756 mini
573 2684 729 2759 lxxxxix.
751 2711 925 2762 annorum
941 2688 1184 2789 proximorum
1207 2687 1429 2788 sequentium
1447 2701 1527 2787 post
1543 2687 1671 2760 datum

461 2785 677 2882 presentium
719 2786 872 2886 plenarie
905 2787 1128 2887 complend’:
1174 2787 1324 2864 faciend‘
1359 2789 1441 2862 inde
1476 2787 1670 2862 servicium

459 2885 604 2959 domine
634 2903 752 2961 nostre
782 2888 904 2988 regine
932 2905 969 2964 et
996 2888 1253 2964 successoribus
1281 2888 1354 2962 suis
1370 2888 1567 2962 secundum
1583 2909 1670 2960 con-

459 2985 684 3060 suetudinem
711 2987 795 3061 ville
821 2989 977 3089 predicte
1004 3015 1085 3064 cum
1111 2989 1300 3064 acciderit:
1329 2989 1380 3063 Et
1395 2987 1568 3062 reddend'
1586 2984 1669 3060 inde
1775 3075 1776 3080 Ἰ

460 3085 643 3161 annuatim
674 3088 807 3188 Majori
837 3105 872 3162 et
901 3090 1035 3186 Juratis
1062 3089 1158 3165 dicte
1187 3090 1270 3163 ville
1302 3089 1364 3188 qui
1403 3113 1471 3188 pro
1508 3104 1669 3186 tempore
1775 3135 1776 3140 ,

461 3185 595 3260 fuerint
620 3187 657 3259 in
681 3186 773 3263 festo
791 3189 1062 3290 Assumpcionis
1083 3191 1188 3264 Beate
1212 3189 1329 3262 Marie
1348 3188 1506 3290 Virginis
1522 3187 1577 3288 ijs.
1596 3185 1664 3286 vjd

459 3285 581 3389 legalis
610 3305 751 3364 monete
780 3289 937 3407 Anglie:
970 3291 1078 3365 Etsi
1109 3290 1290 3389 contingat
1318 3289 1456 3364 dictum
1482 3287 1668 3362 annualem

459 3387 641 3462 redditum
666 3389 712 3463 de
737 3387 790 3490 ijs.
817 3391 886 3491 de.
906 3417 927 3465 a
943 3408 1039 3466 retro
1055 3390 1132 3465 fore
1149 3393 1241 3465 ultra
1257 3390 1449 3464 terminum
1467 3387 1667 3487 predictum

460 3514 524 3588 per
550 3488 637 3606 xiiij.
666 3491 740 3564 dies
765 3491 961 3567 insolutum
988 3492 1025 3566 in
1052 3509 1152 3592 parte
1179 3493 1236 3568 vel
1263 3491 1300 3564 in
1317 3506 1410 3579 totu,
1427 3507 1514 3564 tnnc
1529 3487 1667 3563 licitum

460 3589 529 3663 crit
548 3588 680 3690 Majori
698 3591 760 3690 qui
778 3609 864 3667 tunc
881 3619 948 3692 pro
965 3609 1125 3693 tempore
1141 3591 1250 3667 fuerit
1267 3591 1305 3664 in
1322 3591 1517 3688 predictam
1533 3590 1666 3688 peciam

460 3704 554 3763 terre
579 3714 661 3764 cum
690 3693 926 3790 pertinenciis,
955 3695 1001 3768 ad
1029 3717 1336 3810 quorumcumque
1358 3716 1483 3766 manus
1498 3691 1666 3776 evenerit,
1775 3733 1776 3788 3

461 3789 642 3880 reintrare,
694 3808 730 3867 et
772 3793 914 3893 pacifice
955 3794 1133 3892 poasrdere
1173 3793 1245 3869 Sibi
1291 3791 1547 3868 successoribus
1596 3791 1668 3864 suis
1775 3797 1776 3834 r

463 3890 664 3992 Majoribus
689 3892 783 3968 dicte
808 3893 892 3968 ville
917 3895 1193 3994 imperpetuum.

537 3991 580 4065 ln
618 3992 719 4094 cujus
756 3995 805 4067 rei
835 3996 1079 4070 testimonium
1109 4011 1181 4070 tam
1208 3995 1237 4068 ai
1265 3994 1366 4068 'lum
1395 4016 1547 4068 comune
1575 3991 1667 4065 dicte
1775 3999 1776 4002 ’

461 4091 545 4167 ville
569 4117 676 4192 quam
701 4095 856 4195 sigillum
882 4097 1031 4195 predicti
1054 4097 1197 4170 Thome
1265 4111 1384 4171 attson
1400 4094 1455 4168 hia
1471 4092 1669 4167 indenturis

462 4191 660 4269 alternatim
685 4213 768 4270 sunt
793 4221 954 4295 appensa.

538 4297 672 4369 Datum
702 4297 797 4394 apud
826 4299 954 4372 Dovor
981 4298 1175 4396 predictam
1210 4311 1340 4396 quarto
1368 4295 1426 4370 die
1455 4289 1666 4392 Septembris

463 4420 557 4469 anno
594 4397 695 4496 regni
735 4397 879 4473 domine
919 4413 1039 4472 nostre
1079 4397 1264 4473 Elizabete
1296 4397 1353 4471 dei
1383 4395 1496 4496 gratia
1525 4391 1665 4509 Anglie,

462 4493 618 4669 grande,
643 4514 681 4671 e6t
706 4497 883 4573 Hibernie
909 4499 1055 4601 Regine,
1079 4499 1161 4574 fidei
1183 4496 1391 4586 defensoris,
1408 4513 1488 4586 etc„
1505 4509 1665 4592 septimo.

501 4621 573 4670 nno
611 4619 652 4695 ις
684 4621 717 4697 5.

464 4793 546 4893 [⁶4]
