3728 5258
440 455 487 546 84
799 450 975 526 DOVER
1002 447 1279 524 CHARTERS

439 651 617 727 Prieni
645 665 745 726 tenta
770 651 815 727 ed
842 649 1037 725 Ecclesiam
1061 648 1177 724 Sancti
1193 647 1315 744 Jacobi
1340 649 1387 726 de
1403 651 1570 726 Dovorrc
1587 651 1645 726 die

485 776 586 871 Jovis
623 775 789 876 proximo
826 791 911 878 post
944 774 1077 851 festum
1110 773 1326 850 inventionis
1354 775 1477 850 Sancte
1508 776 1644 868 Crucis,

487 927 581 976 anno
609 901 715 1002 rutxij,
746 915 812 976 etc.

510 1097 689 1194 Johannes
705 1097 750 1172 dc
767 1099 872 1172 Marc
890 1111 1061 1171 mercator
1078 1097 1123 1170 de
1138 1096 1251 1193 Jnnua
1269 1111 1305 1171 et
1321 1097 1446 1173 Petrus
1467 1099 1644 1193 Johannes

747 1214 920 1273 mercator
937 1200 981 1273 de
998 1197 1173 1272 fflorentia
1189 1213 1225 1273 et
1241 1197 1325 1271 socii
1337 1199 1392 1272 sui
1406 1199 1468 1299 qui
1485 1199 1644 1274 tulerunt

439 1301 686 1376 Misericordia.
748 1299 867 1375 billum
896 1325 1019 1374 versus
1049 1299 1228 1401 Majorem
1259 1297 1434 1374 Ballivum
1467 1316 1504 1374 et
1532 1299 1643 1375 Com-

748 1403 958 1476 munitatem
1000 1399 1094 1474 Vtile
1134 1401 1180 1474 dc
1221 1400 1405 1475 Sendwico
1446 1427 1518 1476 non
1560 1417 1644 1476 sunt

437 1517 627 1602 presentes.
680 1502 767 1576 ideo
808 1500 874 1600 ipsi
917 1517 954 1576 ct
996 1501 1104 1602 plegii
1146 1501 1214 1590 sui,
1258 1501 1424 1578 videlicet
1468 1502 1644 1578 Robcrtus

439 1603 600 1705 Lynhnm
617 1619 653 1678 et
667 1603 846 1698 Johannes
862 1601 997 1677 Geffrai
1015 1603 1052 1676 in
1070 1602 1317 1680 misericordia.

514 1800 731 1875 Mandatum
744 1797 813 1873 fuit
827 1799 963 1874 Bellivo
975 1815 1011 1872 et
1025 1799 1158 1900 Majori
1169 1799 1214 1872 de
1224 1799 1406 1874 Sandwico
1415 1800 1513 1899 quod
1524 1799 1644 1873 venire

437 1899 570 1974 faciunt
597 1901 658 1976 xii.
688 1900 820 2000 probos
849 1915 885 1973 et
913 1899 1041 2000 legales
1070 1899 1232 1974 homines
1260 1900 1358 2001 quod
1388 1917 1503 1976 essent
1532 1901 1590 1975 hic
1607 1901 1643 1974 in

436 2003 589 2102 quedam
636 2001 756 2104 jurata
807 2001 900 2074 inter
943 2001 1143 2100 Johannem
1188 2001 1300 2092 Pirot,
1345 2018 1566 2101 querentem,
1607 2019 1644 2078 et

738 2101 917 2205 Majorem
934 2101 1028 2176 Ville
1052 2101 1098 2175 de
1124 2101 1307 2177 Sandwico
1330 2101 1579 2179 defendentem
1605 2102 1643 2177 in

437 2205 623 2300 Preceptum
644 2221 691 2278 est
738 2203 869 2303 placito
1078 2202 1180 2291 ionis,
1197 2219 1263 2277 etc.
1315 2203 1389 2302 Qui
1407 2204 1456 2278 sic
1472 2203 1645 2304 respond-

436 2307 480 2378 sit
493 2306 587 2378 alias.
737 2320 799 2378 ent
825 2304 923 2406 quod
952 2304 1045 2377 ilud
1073 2303 1280 2379 mandatum
1306 2304 1395 2379 adeo
1420 2305 1519 2380 tarde
1546 2305 1643 2379 venit

737 2405 837 2522 quod
854 2405 944 2478 illud
967 2404 1093 2508 exequi
1118 2431 1191 2480 non
1215 2421 1421 2506 potuerunt,
1439 2421 1505 2482 etc.
1557 2407 1643 2481 ideo

437 2522 642 2605 preceptum
658 2522 712 2580 est
728 2523 774 2580 stt
790 2505 882 2596 alins,
901 2521 968 2580 etc.

514 2703 728 2779 Mandatum
746 2701 815 2778 fuit
833 2703 969 2778 Ballivo
995 2721 1031 2778 et
1056 2703 1251 2779 Batonibus
1273 2705 1316 2780 de
1338 2704 1520 2780 Sandwico
1544 2707 1643 2807 quod

738 2805 858 2880 venire
881 2802 1029 2879 fecerint
1053 2805 1100 2907 xij
1128 2805 1259 2905 probos
1283 2822 1320 2880 et
1339 2805 1466 2907 legales
1482 2807 1644 2881 homines

437 2907 624 3002 Puceptum
641 2925 692 2981 est
764 2907 838 2980 uod
848 2906 1641 3007 essenthicinquudamJuratainterMajorcm

436 3010 481 3082 sit
494 3009 590 3083 alias.
738 2932 831 3081 iilic
861 3009 905 3083 dc
934 3008 1115 3082 Sandwico
1143 3025 1350 3108 querentem
1379 3023 1416 3082 et
1440 3006 1642 3082 Henricum

737 3107 910 3184 Wardieu
942 3106 1193 3184 defendentem
1224 3109 1260 3181 in
1289 3107 1420 3207 placito
1449 3123 1643 3209 transgres-

435 3209 544 3284 sionis
567 3226 648 3299 etc.,
671 3209 733 3308 qui
763 3209 812 3283 sic
841 3209 1058 3308 respondent
1085 3209 1183 3324 quod
1210 3207 1298 3282 illud
1323 3209 1530 3285 mandatum
1554 3210 1643 3285 adeo

437 3311 537 3386 tarde
563 3310 613 3383 cis
639 3309 736 3385 venit
753 3310 852 3410 quod
874 3309 964 3384 illud
979 3335 1106 3409 exequi
1124 3335 1196 3384 non
1213 3325 1419 3409 potuerunt,
1436 3325 1503 3386 etc.
1556 3311 1642 3387 Idco

437 3427 642 3509 preceptum
658 3428 711 3484 est
726 3412 773 3484 sit
789 3411 883 3503 alias,
900 3426 966 3487 etc.

738 3605 931 3681 Consimile
956 3620 1141 3681 retornum
1166 3630 1233 3704 pro
1262 3605 1403 3707 Majore
1436 3621 1472 3682 ct
1505 3605 1644 3681 Ballivo

437 3707 626 3803 Preceptum
643 3723 690 3780 est
738 3707 904 3782 Dovorrc
933 3707 977 3781 de
1008 3707 1051 3780 ln
1076 3705 1245 3782 uisicione
1272 3723 1439 3808 tangente
1462 3707 1642 3809 Majorem

437 3811 481 3881 sit
494 3808 592 3881 alias.
737 3806 782 3882 de
811 3809 987 3887 Dovorre.
1043 3733 1128 3883 ideo
1154 3826 1362 3910 preceptum
1390 3823 1443 3884 est
1471 3809 1518 3883 sit
1547 3809 1641 3900 alias,

736 3924 802 3983 etc.

511 4105 598 4180 Dies
614 4107 718 4182 datus
738 4121 791 4182 est
817 4103 1008 4182 Vinccncio
1034 4107 1171 4198 ffinche,
1189 4105 1326 4180 Ballivo
1349 4106 1394 4179 de
1416 4104 1641 4205 Wynchelse‚

435 4233 542 4308 super
557 4210 709 4309 quadam
725 4208 932 4309 exccpcione
950 4226 991 4284 ut
1008 4209 1227 4309 premittitur
1256 4209 1292 4281 in
1310 4208 1418 4281 Curia
1443 4207 1642 4309 precedenti
