3728 5258
444 500 513 570 104
802 473 977 548 DOVER
1003 471 1280 548 CHARTERS

945 797 1158 879 XXXIV.

834 976 847 1040 l
867 971 1044 1056 Octobris,
1064 987 1087 1057 ⁹
1107 967 1184 1042 Ric.
1207 973 1254 1040 11.

440 1129 653 1205 Novantur
703 1129 858 1205 universi
909 1155 972 1229 per
1023 1145 1221 1228 presentem
1271 1129 1496 1204 indenturam
1547 1129 1648 1230 quod

441 1229 638 1305 Nicholaus
662 1231 707 1306 de
736 1231 880 1322 Havvte,
911 1230 1089 1322 Chivaler,
1116 1247 1153 1305 et
1182 1231 1401 1305 Edmundus
1428 1231 1474 1304 de
1504 1231 1647 1320 Havvte‚

438 1331 652 1406 dimiserunt
677 1332 793 1408 Priori
815 1348 852 1406 et
877 1332 1082 1406 Conventui
1108 1333 1225 1406 Sancti
1244 1331 1397 1406 Martini
1422 1331 1507 1406 novi
1533 1331 1649 1430 operis

439 1435 605 1507 Dovorre
621 1458 743 1508 omnes
766 1450 875 1508 terras
896 1450 933 1508 et
950 1449 1108 1532 pasturas
1138 1457 1218 1508 suas
1235 1457 1318 1507 cum
1337 1431 1561 1532 pertinenciis
1577 1431 1649 1505 suis

434 1533 592 1634 jacentes
619 1534 658 1608 in
687 1535 851 1633 parocbia
877 1535 922 1609 de
951 1534 1129 1633 Hugham
1153 1534 1195 1607 in
1225 1534 1383 1635 quodam
1409 1533 1489 1608 loco
1522 1550 1650 1609 vocato

440 1635 654 1736 Heghclyve
663 1652 700 1710 et
713 1636 910 1734 Erchclyve
926 1663 933 1710 :
947 1635 1095 1710 habend'
1108 1651 1144 1709 et
1156 1635 1298 1709 tenend'
1310 1634 1484 1734 predictas
1494 1650 1604 1709 terras
1613 1651 1650 1708 et

439 1752 598 1835 pasturas
614 1761 697 1810 cum
723 1735 947 1835 pertinenciis
963 1735 1037 1810 suis
1058 1736 1224 1836 predictis
1243 1735 1359 1810 Priori
1385 1735 1589 1810 Conventui
1612 1751 1649 1810 et

438 1862 564 1911 eorum
588 1837 849 1912 successoribus
874 1863 894 1910 a
919 1837 976 1911 die
1001 1837 1076 1912 dati
1101 1836 1321 1934 presencium
1348 1861 1461 1938 usque
1485 1836 1524 1910 in
1541 1835 1648 1910 linem

439 1938 586 2038 triginta
618 1963 794 2012 annorum
828 1937 1073 2067 proximonun
1106 1938 1330 2037 sequentium
1365 1938 1518 2036 plenarie
1550 1963 1650 2012 com-

440 2039 643 2137 pletorum:
671 2038 830 2114 reddend
864 2037 947 2112 inde
972 2037 1154 2112 annuatim
1179 2039 1288 2114 iidem
1315 2039 1418 2115 Prior
1435 2039 1650 2116 Conventus

439 2156 475 2212 et
504 2165 631 2214 eorum
660 2163 875 2214 successores
933 2139 1075 2214 redictis
1109 2139 1285 2215 Nicholao
1318 2155 1354 2213 et
1382 2140 1581 2215 Edmundo
1613 2155 1649 2214 et

441 2265 566 2315 eorum
599 2239 789 2314 heredibus
818 2241 864 2314 ad
897 2165 1029 2314 liscum
1064 2240 1181 2314 Sancti
1216 2239 1403 2314 Michaelis
1435 2241 1649 2340 Archangeli

439 2341 568 2440 viginti
610 2341 744 2416 solidos
785 2339 916 2414 usualis
948 2356 1090 2415 monete
1131 2341 1289 2440 Anglie:
1325 2357 1362 2416 et
1403 2342 1432 2414 si
1471 2342 1651 2440 predictus

439 2443 612 2530 redditus,
625 2441 684 2516 vel
699 2441 817 2542 aliqua
832 2467 912 2541 pars
923 2440 1095 2542 ejusdem,
1109 2458 1226 2517 aretro
1242 2441 1287 2516 sit
1300 2467 1362 2540 per
1379 2442 1649 2543 quatuordecim

439 2543 515 2617 dies
544 2541 637 2616 ultra
670 2543 863 2617 terminum
897 2543 1084 2642 prefixum,
1114 2559 1201 2618 tunc
1228 2543 1316 2616 bene
1349 2542 1451 2618 liceat
1484 2543 1650 2642 predictis

440 2643 616 2716 Nrcholao
650 2643 848 2719 Edmundo
888 2660 925 2719 et
965 2669 1091 2719 eorum
1142 2644 1328 2718 heredibus
1368 2643 1551 2743 assignatis
1592 2645 1649 2718 vel

442 2744 626 2819 attornatis
655 2744 783 2818 tamin
808 2744 975 2820 omnibus
1000 2745 1103 2820 terris
1132 2746 1277 2819 manerii
1294 2745 1490 2820 eorundem
1517 2745 1650 2820 Prioris

440 2862 477 2918 et
510 2845 718 2919 Conventus
751 2847 795 2921 de
829 2845 1042 2946 ffarnynglo,
1076 2871 1184 2961 quam
1217 2846 1255 2919 in
1297 2845 1400 2920 terris
1425 2862 1462 2919 et
1498 2847 1650 2944 pasturis

440 2945 618 3044 predictis,
653 2962 694 3021 ut
736 2947 966 3045 premittitur,
1001 2947 1167 3048 predictis
1208 2945 1324 3020 Priori
1365 2962 1402 3020 et
1445 2945 1650 3022 Conventui

440 3047 592 3121 dimissis
608 3046 742 3148 ubique
762 3047 998 3148 [distringere
1009 3047 1063 3146 et]
1083 3046 1323 3122 districciones
1340 3071 1460 3146 capere
1476 3045 1649 3122 abducere

440 3165 476 3223 et
501 3149 651 3223 retinere
676 3149 791 3223 donec
815 3147 881 3223 sibi
906 3149 952 3223 de
984 3147 1152 3225 omnibus
1177 3149 1259 3224 inde
1283 3147 1466 3250 arreragiis
1497 3148 1650 3248 plenarie

441 3247 550 3324 fuerit
566 3248 795 3326 satisfactum.

517 3349 558 3422 ln
574 3351 677 3466 cujus
693 3351 744 3423 rei
762 3349 1007 3424 testimonium
1024 3366 1097 3425 tam
1116 3350 1231 3452 sigilla
1252 3349 1413 3450 ipsorum
1431 3348 1597 3426 Nicholai
1613 3370 1650 3428 et

443 3450 629 3525 Edmundr
655 3476 764 3551 quam
789 3450 947 3549 sigillum
964 3451 1167 3526 Commune
1216 3453 1435 3526 redictorum
1461 3451 1594 3527 Prioris
1613 3470 1650 3528 et

442 3551 651 3626 Conventus
667 3551 825 3650 partibus
842 3551 951 3654 hujus
967 3553 1155 3627 indenture
1171 3477 1369 3628 alternatim
1385 3567 1470 3628 sunt
1486 3578 1647 3653 appensa.

518 3654 610 3726 Data
621 3653 717 3751 apud
730 3652 908 3753 Hugham
924 3653 1042 3751 primo
1057 3653 1115 3727 die
1132 3651 1299 3728 Octobris
1314 3679 1408 3728 anno
1424 3653 1524 3756 regni
1543 3657 1651 3757 Regis

443 3755 594 3842 Ricardi,
615 3753 760 3828 secundi
778 3779 797 3828 a
814 3771 1012 3854 conquestu
1028 3754 1161 3855 Anglie
1179 3779 1284 3830 nono.

518 3856 660 3930 Portions
678 3855 718 3952 ff
725 3883 746 3928 a
764 3856 853 3955 large
869 3857 968 3930 white
984 3857 1054 3931 seal
1067 3860 1200 3932 remain.
