3744 5296
462 484 512 560 60
821 483 997 560 DOVER
1023 484 1302 560 CHARTERS

929 819 931 822 ·
964 782 1162 866 XXVI.

818 957 892 1040 xiiij
914 957 1046 1041 Aprilis
1066 971 1108 1040 32
1129 957 1231 1026 Edw.
1254 957 1319 1026 111.

460 1116 593 1190 Cunrn
633 1132 730 1190 tenta
766 1114 900 1191 ibidem
937 1140 1055 1189 cortun
1091 1115 1239 1190 domino
1275 1116 1419 1214 Rogero
1443 1115 1488 1189 de
1515 1115 1668 1187 Mortuo

693 1215 807 1305 Mari,
847 1214 989 1293 Comite
1027 1215 1200 1306 Marchie,
1241 1214 1509 1290 Constabulario
1550 1213 1666 1288 Castri

459 1319 640 1414 Shipweye.
692 1319 873 1406 Dovorre,
934 1334 970 1391 et
1022 1316 1184 1392 Custode
1245 1315 1415 1416 Quinque
1477 1317 1667 1407 Portuum,

528 1519 550 1534 ..
691 1418 750 1494 die
787 1416 926 1494 sabbati
963 1435 1092 1518 quarto
1129 1417 1271 1494 decimo
1309 1416 1366 1491 die
1403 1416 1540 1516 Aprilis
1574 1443 1668 1491 anno

458 1545 564 1621 rnrer,
590 1534 657 1594 etc.

533 1724 748 1820 Preceptum
765 1720 835 1796 fuit
849 1720 1062 1824 Majoribus,
1076 1719 1220 1796 Baiiivis
1237 1737 1273 1794 et
1286 1719 1480 1794 Batonibus
1492 1720 1537 1794 de
1550 1718 1664 1818 Wyn·

458 1822 582 1914 chelse,
613 1824 704 1922 Rye,
736 1825 905 1913 Romene,
936 1822 1073 1912 Hethe,
1103 1824 1281 1911 Dovorre‚
1306 1836 1343 1895 et
1359 1819 1540 1909 Sandwici‚
1566 1820 1666 1919 quod

458 1924 578 1998 venire
605 1922 734 1999 faciant
761 1924 819 1998 hic
845 1922 1050 2024 singillatim
1075 1922 1120 1996 de
1150 1922 1309 2023 quolibet
1339 1938 1511 2022 portuum
1527 1920 1667 2020 predic-

457 2042 578 2100 torum
607 2025 654 2142 xij
686 2025 816 2124 probos
848 2042 885 2097 et
917 2024 1045 2124 legales
1079 2024 1239 2098 homines
1271 2024 1317 2097 de
1344 2021 1473 2124 juratis
1506 2023 1665 2121 ipsorum

457 2125 591 2202 essend'
609 2125 666 2200 luc
683 2151 801 2200 coram
813 2124 912 2200 dicto
925 2124 1082 2199 Custode
1100 2149 1267 2198 unacum
1283 2123 1389 2198 dictis
1413 2123 1613 2225 Majoribus
1629 2139 1664 2196 et

457 2227 602 2302 Ballivis
630 2226 675 2300 sd
704 2226 894 2325 recipiend'
924 2242 961 2299 et
989 2225 1136 2301 faciend’
1167 2250 1207 2297 ea
1235 2251 1303 2325 que
1333 2251 1376 2298 ex
1403 2241 1501 2323 parte
1527 2223 1665 2299 domini

458 2328 566 2427 Regis
593 2327 788 2402 secundum
815 2327 1105 2401 consuetudinem
1123 2326 1231 2400 Curie
1260 2325 1415 2423 predicte
1442 2326 1506 2398 ciis
1532 2323 1664 2398 fuerint

457 2429 678 2530 in'ungend'.
731 2429 940 2528 Preceptum
957 2429 1063 2502 etiam
1080 2425 1150 2500 fuit
1168 2425 1369 2527 Majoribus
1389 2442 1426 2499 et
1450 2426 1594 2498 Ballivis
1618 2426 1663 2499 de

502 2531 667 2630 astinges,
695 2531 862 2621 Pevense,
892 2527 1093 2616 ffolkstsne‚
1130 2526 1315 2614 ffordwici,
1350 2542 1387 2599 et
1422 2525 1662 2614 ffaveresham,

457 2631 555 2731 quod
573 2631 691 2704 venire
708 2629 856 2704 fecerint
873 2630 930 2703 hic
946 2654 1065 2704 coram
1081 2652 1205 2702 eorum
1223 2627 1381 2702 Custode
1397 2627 1600 2728 singiliatim
1617 2627 1663 2701 de

456 2731 617 2906 puolibet
642 2733 822 2808 dictorum
849 2747 1020 2831 portumn
1046 2730 1236 2904 vp4probos
1251 2746 1287 2803 et
1304 2727 1336 2801 le
1394 2754 1431 2802 es
1448 2728 1608 2802 homines
1625 2727 1662 2800 in

472 2858 573 2910 orma
588 2833 755 2932 predicta.
809 2831 883 2928 Qui
910 2856 1034 2906 omnes
1108 2830 1219 2931 ajores
1246 2845 1282 2905 et
1305 2829 1431 2904 Ballivi
1454 2845 1490 2903 et
1508 2829 1663 2902 Berones

455 2933 617 3024 veniunt,
634 2949 670 3008 et
688 2948 869 3009 retornant
887 2932 1050 3007 mandatu
1069 2957 1144 3022 sua,
1161 2947 1197 3006 et
1208 2931 1327 3006 venire
1340 2928 1498 3004 fecerunt
1510 2931 1663 3003 Berones

456 3052 626 3136 portuum
659 3035 901 3134 predictorum
934 3034 972 3106 in
1005 3032 1122 3107 forma
1160 3058 1230 3132 qua
1270 3030 1507 3131 subsequitur,
1545 3045 1663 3128 preter

456 3135 610 3214 Ballivos
635 3151 672 3211 et
698 3136 850 3210 Barones
876 3136 921 3211 de
948 3136 1104 3208 Pevense
1133 3135 1195 3250 qui
1226 3133 1391 3206 mandata
1422 3157 1485 3206 sua
1513 3130 1662 3204 omnino

456 3262 528 3311 non
562 3253 746 3313 retornant
779 3251 885 3337 prout
918 3235 1117 3309 habuerunt
1150 3260 1187 3307 m
1227 3233 1421 3309 mandatis:
1476 3233 1521 3306 sd
1564 3232 1662 3332 quod

459 3339 628 3413 Ricardus
653 3337 859 3427 Thurbarn,
877 3335 1033 3410 Ballivus
1060 3336 1214 3434 capitalis
1244 3335 1375 3408 Portus
1391 3335 1435 3408 de
1453 3333 1663 3433 Hastinges,

456 3439 544 3514 dicit
581 3440 679 3539 quod
704 3440 835 3512 Portus
872 3437 917 3512 de
954 3437 1111 3511 Pevense
1145 3451 1198 3510 est
1228 3436 1429 3509 membrum
1458 3436 1588 3508 Portus
1616 3435 1661 3509 de

457 3538 664 3640 Hastinges,
691 3555 727 3613 et
754 3538 853 3639 quod
880 3537 947 3638 ipsi
974 3538 1019 3613 de
1046 3538 1203 3612 Pevense
1226 3563 1299 3610 non
1322 3553 1487 3610 tenentur
1504 3536 1547 3609 ad
1564 3534 1661 3634 ship-

456 3666 508 3713 we
533 3665 588 3714 am
626 3639 747 3714 venire
783 3639 848 3714 nisi
878 3665 961 3712 cum
990 3639 1105 3713 Portu
1134 3639 1180 3712 de
1210 3637 1418 3738 Hastinges‚
1448 3637 1542 3711 unde
1572 3635 1661 3735 petit

456 3743 485 3813 B
534 3741 632 3815 'vum
659 3756 695 3816 et
721 3742 875 3815 Berones
902 3739 948 3813 de
973 3739 1131 3814 Pevense
1156 3739 1335 3838 predictos
1351 3739 1395 3812 de
1411 3763 1454 3811 eo
1471 3737 1570 3837 quod
1588 3761 1660 3810 non

456 3859 634 3920 retornare
670 3842 833 3916 mandata
867 3841 1038 3940 predicta,
1068 3838 1146 3912 fore
1172 3856 1379 3913 exoneratos
1406 3855 1442 3912 et
1467 3853 1659 3911 excusatos.

457 3943 524 4017 Cui
554 3944 691 4018 dictum
720 3959 784 4031 est,
814 3942 912 4114 puod
942 3966 1005 4040 per
1034 3940 1174 4015 diversa
1201 3940 1346 4014 recorda
1367 3955 1421 4013 est
1438 3954 1660 4037 compertum

456 4043 555 4145 quod
579 4046 733 4118 Berones
757 4043 802 4116 de
849 4067 975 4116 evense
991 4041 1185 4116 addictam
1209 4039 1351 4114 Curiam
1367 4040 1552 4116 veniebant
1568 4055 1660 4112 tem-

456 4146 600 4246 poribus
617 4143 798 4220 retroactis
815 4159 887 4218 tam
913 4160 1072 4242 tempore
1097 4166 1172 4241 quo
1196 4141 1364 4215 dominus
1390 4139 1660 4215 Bartholomeus

455 4249 500 4323 de
516 4245 755 4346 Burghersshe
772 4244 901 4319 Custos
917 4244 1095 4319 dictorum
1109 4257 1279 4343 portuum
1297 4239 1422 4333 bremt,
1470 4267 1551 4314 uam
1570 4257 1660 4314 tem-

454 4348 601 4450 poribus
627 4348 776 4422 aliorum
805 4346 1018 4434 Custodum,
1046 4345 1136 4419 sicut
1162 4359 1198 4418 et
1226 4359 1351 4444 portus
1368 4343 1413 4418 de
1458 4342 1658 4417 averesham
