3744 5296
443 471 490 544 42
802 445 979 521 novun
1004 445 1280 522 CHARTERs

444 651 598 719 cessimus
610 645 785 743 pronubis
802 663 835 718 et
848 643 1025 720 heredibus
1041 648 1162 720 nostris
1175 647 1291 720 eisdem
1306 645 1498 718 Beronibus
1510 649 1651 742 quinque

440 763 597 841 portuum
621 747 709 844 qued
735 749 900 820 omnesil
885 747 995 820 llide
1019 747 1284 843 portubusillis
1312 747 1434 820 etalii
1460 747 1652 844 quicumque

443 848 637 921 advocantes
666 871 700 921 se
728 847 768 920 de
796 847 952 920 libertate
980 847 1153 920 eorundem
1178 862 1211 920 et
1237 847 1310 921 inde
1331 851 1482 945 gaudere
1508 845 1651 919 volentes

434 948 659 1022 contribuant
679 949 728 1020 ud
743 949 917 1044 navigium
942 965 975 1020 et
997 950 1177 1023 servicium
1198 948 1352 1045 predicta
1377 943 1605 1020 manutenend'
1620 961 1654 1019 et

434 1047 585 1143 facicnd'
602 1049 642 1122 de
662 1049 808 1124 omnibus
836 1049 929 1122 bunis
956 1065 989 1120 et
1013 1049 1146 1122 catallis
1172 1051 1246 1121 suis
1271 1067 1338 1121 tum
1354 1065 1449 1122 entra
1467 1047 1651 1120 libertatem

444 1154 585 1249 quinque
603 1166 761 1247 portuum
781 1149 1005 1244 predictorum
1021 1173 1118 1246 quem
1142 1151 1233 1246 infra
1252 1149 1470 1238 existentibus,
1487 1167 1519 1221 et
1533 1149 1582 1220 ad
1594 1149 1652 1221 hoc

437 1271 505 1346 per
529 1251 668 1347 mcejores
691 1268 724 1323 et
739 1252 871 1346 jicrnsos
890 1265 1047 1346 portuum
1065 1252 1284 1368 predicterum
1307 1268 1340 1324 et
1364 1251 1462 1322 ecs'am
1481 1271 1548 1345 per
1566 1249 1652 1322 Cun-

443 1350 657 1425 stubulan‘um
702 1353 814 1424 Cestri
853 1353 955 1426 nostri
998 1350 1151 1425 Devorre
1184 1353 1216 1423 si
1248 1375 1367 1424 necesse
1398 1350 1507 1448 ficerit
1545 1350 1652 1424 debite

443 1453 684 1547 compellantur,
718 1469 752 1526 et
782 1453 871 1550 qued
900 1453 982 1526 bona
1015 1469 1049 1524 es
1078 1453 1199 1525 casella
1232 1452 1391 1526 dictorum
1421 1453 1589 1525 Beronum
1621 1466 1655 1522 et

443 1554 594 1643 aliorum,
621 1555 694 1626 sive
722 1570 816 1626 entra
846 1553 964 1625 dictem
994 1549 1173 1626 libertatem
1197 1553 1343 1647 fuerint,
1370 1555 1442 1626 siue
1468 1553 1560 1648 infra
1589 1576 1652 1650 que

436 1674 501 1749 pro
518 1656 651 1752 navigio
668 1671 700 1726 et
713 1655 848 1727 servicio
865 1653 1024 1748 predictis
1044 1651 1270 1728 manutenent?
1287 1652 1478 1752 etfacicnd’
1495 1668 1654 1726 taxantur

443 1755 493 1828 ad
522 1755 672 1853 tallagia,
701 1777 757 1828 seu
783 1755 855 1826 alin
882 1779 982 1827 onera
1008 1777 1202 1852 quecumque
1231 1780 1304 1830 cum
1331 1756 1423 1830 bonis
1458 1771 1491 1827 es
1523 1754 1650 1827 catallis

444 1855 485 1928 bo
503 1853 658 1970 [minum]
665 1854 897 1951 forinsecorum
914 1855 1098 1929 nullatenus
1114 1872 1276 1930 sanentur.

518 1957 561 2028 In
591 1958 684 2052 cujus
713 1957 765 2028 rei
793 1957 1001 2028 testimonium
1031 1954 1096 2028 bus
1116 1957 1237 2030 litteras
1263 1971 1388 2028 nostrus
1406 1954 1489 2072 fieri
1506 1956 1651 2072 fecimus

438 2071 595 2151 putentes.
652 2055 746 2130 Teste
769 2081 820 2128 me
844 2056 911 2151 ipse
934 2055 1028 2150 apud
1044 2057 1356 2130 Westmonasterium
1373 2057 1651 2153 vicesimoquinto

442 2157 498 2232 die
505 2155 685 2252 ffebrum'i
700 2180 784 2231 anno
801 2157 892 2256 regni
907 2157 1007 2229 nostri
1014 2157 1137 2251 primu.

518 2258 717 2332 Nosautem
747 2273 879 2330 curtam
909 2272 1068 2330 nostram
1084 2256 1297 2372 predictam
1327 2255 1393 2329 sub
1427 2255 1544 2358 sigillo
1577 2281 1652 2356 quo

443 2383 538 2432 nunc
556 2357 693 2433 utimur
718 2358 762 2432 ad
787 2357 1058 2457 requisicionem
1084 2356 1243 2456 ipsorum
1273 2357 1453 2431 Beronum
1481 2355 1652 2433 duximus

441 2459 779 2575 exemplifimndmn.

519 2560 562 2634 In
578 2560 684 2662 cujus
700 2559 752 2634 rei
770 2557 1016 2635 testimonium
1029 2559 1091 2633 has
1107 2557 1242 2634 litteras
1255 2573 1394 2634 nostras
1411 2558 1484 2632 fieri
1503 2556 1651 2633 fecimus

444 2677 612 2759 patentes.

518 2761 629 2836 Teste
645 2786 702 2835 me
722 2761 801 2860 ipso
826 2763 920 2862 apud
942 2761 1053 2836 Ebor'
1069 2759 1239 2836 vicesimo
1264 2775 1365 2836 sexto
1390 2761 1447 2835 die
1473 2759 1650 2834 ffebruarii

443 2887 537 2937 anno
552 2863 651 2966 regni
668 2862 780 2938 nostri
797 2864 962 2942 secundo.
