3702 5254
430 435 501 528 306
789 433 969 508 novun
996 431 1274 507 cunuruns

427 631 611 721 sidiorurn,
628 656 667 704 ac
692 630 805 704 dimas
824 646 860 703 et
876 629 1028 704 decimas
1045 656 1107 730 per
1123 629 1218 728 ipsos
1236 631 1426 731 Majorem‚
1445 629 1635 719 Ballivum,

426 751 461 806 et
505 733 808 806 Communitatem
839 729 951 820 nobis,
980 747 1042 804 aut
1079 731 1238 830 predicto
1264 732 1512 847 precarissimo
1544 735 1634 831 patri

431 851 564 920 nostro,
598 849 659 907 aut
698 832 800 905 alicui
838 831 909 905 alio
942 834 1212 931 progenitorum
1245 857 1319 905 srve
1352 833 1635 931 predecessorum

428 952 643 1022 nostrorum,
660 949 741 1007 ante
768 933 967 1031 predictum
994 933 1098 1021 diem,
1129 933 1247 1007 debita
1269 933 1343 1007 sive
1368 960 1551 1009 concessa:
1579 938 1635 1007 Ac

427 1035 664 1122 collecciones,
688 1035 919 1132 recepciones,
936 1051 972 1107 et
998 1034 1222 1108 detenciones
1239 1035 1433 1109 eorundem
1461 1053 1497 1108 et
1518 1037 1636 1137 cujus·

426 1137 513 1210 libet
529 1137 611 1210 inde
628 1136 786 1235 parcelle,
804 1161 842 1209 ac
859 1161 1002 1209 omnem
1020 1152 1227 1234 compotum
1244 1153 1281 1210 et
1297 1136 1523 1210 ratiocinium
1536 1138 1636 1211 nobis

428 1265 493 1337 pro
515 1238 648 1312 eisdem
665 1263 727 1310 seu
746 1261 869 1310 eorum
893 1236 1012 1336 aliquo
1032 1237 1335 1337 qualitercumque
1360 1236 1541 1326 reddend’‚
1566 1239 1634 1312 sol·

428 1339 545 1428 vend',
569 1340 626 1416 vel
656 1336 830 1412 faciend':
873 1337 1140 1412 Prnoounnus
1174 1338 1318 1437 insuper
1351 1339 1567 1412 remittimus
1599 1357 1635 1413 et

427 1443 623 1514 relaxamus
639 1439 771 1513 eisdem
790 1437 935 1539 Majori
953 1438 1101 1528 Ballivo,
1117 1454 1154 1512 et
1179 1439 1437 1514 Communitati
1454 1465 1578 1514 omnes
1599 1458 1635 1514 et

426 1541 653 1615 omnimodos
685 1539 862 1640 ingressus
893 1555 930 1613 et
967 1539 1178 1614 intraciones
1206 1540 1243 1613 in
1273 1557 1394 1626 terras,
1422 1556 1633 1631 tenementa,

427 1642 713 1732 hereditamenta,
750 1641 1002 1743 cujuscumque
1038 1641 1149 1715 idiote
1174 1657 1235 1714 aut
1259 1640 1348 1715 fatui
1383 1643 1564 1731 naturalis,
1596 1669 1634 1716 ac

426 1769 735 1842 quorumcumque
777 1743 975 1816 ideotarum
1009 1741 1084 1815 sive
1118 1741 1300 1816 fatuorum
1337 1743 1561 1832 naturalium,
1598 1761 1634 1816 et

424 1871 549 1919 eorum
564 1843 759 1945 cujuslibet,
773 1869 812 1917 ac
825 1843 1077 1945 cujuscumque
1091 1868 1238 1942 persone
1258 1869 1328 1942 que
1341 1861 1421 1917 ante
1435 1845 1634 1942 predictum

424 1946 630 2020 vicesimum
658 1945 806 2018 tercium
833 1945 929 2016 diem
957 1943 1092 2043 Aprilis
1119 1943 1188 2020 fuit
1211 1944 1393 2034 lunaticus,
1422 1947 1477 2018 vel
1494 1944 1633 2019 lucidus

423 2072 487 2144 per
528 2046 737 2133 intervalla;
782 2045 832 2118 Et
866 2045 1098 2143 recepciones,
1129 2045 1364 2134 revenciones,
1403 2061 1439 2119 et
1477 2047 1633 2144 proficua

423 2147 616 2220 eorundem
634 2163 819 2234 terrarum,
838 2161 1131 2234 tenementorum,
1149 2163 1186 2220 et
1208 2145 1578 2237 hereditamentorum,
1595 2163 1632 2220 et

423 2247 608 2347 cujuslibet
635 2247 718 2320 inde
745 2244 901 2345 pucelle,
929 2271 991 2345 per
1017 2247 1159 2320 eosdem
1184 2247 1372 2347 Majorem‚
1391 2247 1578 2334 Ballivum,
1596 2265 1632 2321 et

424 2346 740 2434 Communitatem,
758 2372 820 2420 seu
837 2371 898 2444 per
915 2345 1068 2446 aliquem
1089 2347 1196 2421 alium
1210 2373 1333 2420 eorum
1347 2347 1562 2438 nominibus,
1574 2349 1631 2421 vel

423 2449 467 2522 ad
497 2474 620 2522 eorum
651 2473 766 2536 usum,
796 2463 877 2521 ante
906 2447 1058 2522 eundem
1089 2447 1183 2522 diem
1219 2466 1382 2548 percepta
1414 2449 1488 2522 sive
1513 2449 1632 2523 habita

421 2551 548 2624 damus
564 2565 600 2622 et
616 2548 844 2622 concedimus
859 2547 991 2623 eisdem
1007 2547 1196 2648 Majorem‚
1211 2549 1358 2640 Ballivo,
1372 2567 1408 2624 et
1421 2549 1632 2624 Communi-

423 2652 487 2724 tati
515 2649 665 2723 habend'
683 2649 748 2722 sibi
775 2675 818 2723 ex
842 2651 941 2724 dono
963 2666 1087 2724 nostro
1103 2650 1233 2749 absque
1250 2666 1418 2749 compoto
1434 2677 1495 2724 seu
1512 2650 1630 2752 aliquo

421 2751 491 2824 alio
508 2751 589 2825 inde
607 2750 709 2823 nobis
737 2767 798 2824 aut
824 2750 1013 2824 heredibus
1039 2749 1168 2825 nostris
1192 2753 1338 2840 solven’,
1365 2752 1547 2840 reddend’,
1574 2753 1629 2826 vel

422 2849 584 2925 faciend’.
617 2851 1145 2950 ErUsrrurusperdonamus,
1156 2853 1382 2942 remittimus,
1393 2871 1428 2926 et
1439 2852 1630 2927 relaxamus

422 2978 484 3050 per
502 2969 679 3050 presentes
695 2953 827 3026 eisdem
846 2951 991 3052 Majori,
1013 2953 1160 3041 Ballivo,
1178 2970 1213 3027 et
1227 2953 1489 3028 Communitati
1506 2980 1630 3028 omnes

421 3071 457 3126 et
474 3053 697 3128 omnimodas
713 3054 925 3152 empciones,
939 3052 1173 3144 vendiciones,
1187 3056 1418 3152 recepciones,
1432 3071 1468 3128 et
1480 3081 1629 3154 occupa-

421 3156 539 3229 ciones
555 3155 789 3241 alluvionum,
817 3152 910 3228 infra
937 3155 1004 3227 hoc
1033 3179 1183 3254 regnum
1215 3172 1375 3229 nostrum
1403 3156 1545 3257 Anglie,
1573 3157 1629 3230 vel

420 3257 513 3345 alibi,
532 3274 653 3331 contra
669 3254 821 3329 formam
839 3255 1091 3354 cujuscumque
1103 3255 1337 3330 ordinacionis
1349 3257 1422 3330 sive
1436 3258 1629 3356 proclama·

421 3357 530 3430 cionis
557 3357 638 3430 inde'
664 3372 744 3429 ante
771 3355 969 3455 predictum
990 3355 1197 3430 vicesimum
1215 3359 1362 3430 tercium
1379 3359 1474 3432 diem
1492 3357 1629 3454 Aprilis

421 3455 511 3530 facte
537 3482 598 3530 seu
625 3455 744 3544 edite;
771 3481 809 3528 ac
836 3454 1073 3530 forisfacturas
1099 3474 1135 3531 et
1162 3473 1387 3556 contemptus
1411 3459 1447 3533 in
1472 3485 1513 3531 ea
1529 3476 1628 3558 parte

421 3582 483 3654 per
500 3557 595 3656 ipsos
613 3557 802 3656 Majorem‚
831 3557 1018 3646 Ballivum,
1045 3575 1081 3630 et
1108 3558 1412 3633 communitatem
1429 3558 1536 3634 factas
1553 3561 1627 3634 sive

420 3674 644 3756 perpetratas.
697 3659 881 3730 Acrcrnnr
894 3659 1141 3758 perdonamus,
1152 3660 1377 3750 remittimus,
1389 3677 1425 3734 et
1435 3660 1628 3735 relaxamus

420 3758 553 3832 eisdem
571 3757 716 3858 Majori,
733 3757 881 3846 Ballivo,
899 3775 934 3832 et
951 3759 1209 3834 Communitati
1230 3763 1452 3835 omnimodas
1468 3761 1627 3836 forisfac-

420 3876 530 3948 turas,
557 3858 826 3948 concelamenta,
854 3859 1090 3958 decepciones,
1114 3886 1248 3950 usuras,
1275 3879 1476 3936 contractus
1503 3889 1627 3937 usura,-

420 3987 512 4049 rum,
540 3975 721 4058 corruptas
746 3977 782 4032 et
810 3960 946 4034 illicitas
968 3961 1159 4062 barganias,
1186 3977 1221 4035 et
1244 3965 1508 4053 convenciones,
1524 3989 1625 4062 emp-

419 4063 547 4149 ciones,
581 4076 617 4133 et
651 4061 886 4149 vendiciones,
920 4087 959 4135 ac
990 4062 1278 4162 attemptaciones
1311 4081 1347 4138 et
1388 4063 1625 4138 forisfacturas

420 4186 670 4263 quascumque,
687 4187 749 4260 per
768 4163 862 4260 ipsos
890 4161 1079 4263 Majorem‚
1116 4163 1301 4254 Ballivum‚
1337 4181 1374 4238 et
1410 4165 1625 4240 Communi-

420 4279 527 4337 tatem
545 4279 626 4338 ante
643 4263 841 4362 predictum
869 4262 975 4352 diem,
1004 4281 1126 4338 contra
1150 4263 1303 4339 formam
1327 4265 1474 4367 alicujus
1489 4267 1625 4355 statuti,
