3748 5266
434 503 505 574 ²¹4
793 477 974 552 DOVER
1000 477 1281 552 CHARTERS

432 679 505 751 rius
522 676 806 776 pardonavimus,
819 676 1028 765 remisimus,
1041 693 1078 751 et
1094 677 1327 750 relaxavimus
1342 676 1474 750 eisdem
1496 675 1638 776 Majori,
1676 701 1678 705 ·

432 777 579 870 Ballivo,
597 795 634 852 et
655 777 914 851 Communitati
933 778 1137 852 omnimoda
1159 803 1301 876 escapea
1323 775 1494 865 felonum,
1521 775 1642 850 catalla

433 877 594 952 felonum
610 895 646 952 et
660 876 908 978 fugitivorum,
922 879 1044 952 catalla
1055 881 1295 978 utlagatorum
1308 895 1344 952 et
1358 878 1515 952 felonum
1531 878 1576 951 de
1593 902 1640 965 se,

434 979 630 1069 deodanda,
643 996 750 1068 vasta,
764 979 1018 1078 impeticiones,
1032 981 1303 1054 acomnimodos
1314 980 1482 1053 articulos
1495 979 1641 1066 itineris,

433 1081 694 1155 destrucciones
730 1098 767 1153 et
804 1081 1099 1181 transgressiones
1132 1082 1178 1154 de
1216 1081 1322 1156 viridi
1349 1080 1405 1154 vel
1443 1080 1642 1170 venatione,

435 1183 679 1256 vendicionem
707 1181 907 1273 boscorum,
939 1180 1029 1254 infra
1056 1179 1203 1255 forestas
1233 1197 1268 1255 et
1299 1198 1397 1254 extra
1426 1197 1462 1253 et
1496 1178 1642 1253 aliarum

434 1308 553 1356 rerum
588 1307 906 1382 quarumcumque,
942 1283 1185 1357 antedictum
1213 1307 1348 1355 nonum
1374 1282 1469 1355 diem
1498 1281 1641 1380 Aprilis,

434 1383 526 1460 infra
542 1408 691 1484 regnum
705 1382 836 1482 Anglie
852 1399 888 1456 et
907 1383 1088 1456 Marchias
1100 1383 1230 1457 Wallie
1240 1383 1261 1424 *
1272 1383 1437 1456 evidenta
1452 1398 1488 1455 et
1505 1399 1643 1470 eventa,

435 1485 529 1559 unde
547 1483 691 1584 punicio
708 1486 845 1558 caderet
871 1485 908 1556 in
934 1484 1144 1559 demandam
1166 1483 1333 1572 debitam,
1352 1510 1413 1557 seu
1430 1484 1465 1556 in
1483 1483 1589 1556 finem
1605 1499 1641 1554 et

434 1586 729 1685 redemptionem,
751 1601 811 1659 aut
838 1587 874 1658 in
902 1585 984 1658 alias
1010 1610 1116 1683 penas
1143 1585 1365 1684 pecuniarias,
1393 1610 1454 1657 seu
1482 1585 1518 1657 in
1538 1581 1643 1658 foris-

434 1686 614 1761 facturum
640 1685 815 1760 bonorum
842 1703 878 1759 et
904 1687 1122 1776 catallorum,
1149 1702 1209 1759 aut
1234 1686 1552 1786 imprisonamenta,
1581 1711 1642 1758 scu

435 1789 701 1862 amerciamenta
743 1787 1052 1860 Communitatum
1094 1785 1268 1860 Villarum
1314 1787 1369 1860 vel
1412 1786 1642 1886 singularium

434 1913 673 1988 personarum,
693 1886 748 1960 vel
778 1887 814 1960 in
838 1888 1085 1961 oneracionem
1111 1887 1211 1961 liberi
1230 1889 1420 1960 tenementi
1438 1911 1561 1960 eorum
1579 1888 1640 1986 qui

436 2015 616 2090 nunquam
645 1988 851 2087 transgressi
881 1985 1035 2076 fuerunt,
1066 2004 1107 2061 ut
1134 1989 1303 2062 heredum
1330 2005 1559 2062 executurum
1586 1989 1642 2060 vel

434 2108 527 2164 terre
557 2089 767 2178 tenencium,
784 2104 1012 2176 escaetorum,
1031 2089 1290 2177 vicecomitum,
1318 2105 1580 2180 coronatorum,
1607 2105 1642 2161 et

434 2192 585 2266 aliorum
612 2189 827 2362 hagusmodi,
855 2204 891 2262 et
920 2214 1025 2263 omne
1052 2190 1088 2263 id
1116 2191 1213 2289 quod
1241 2190 1285 2264 ad
1314 2216 1378 2264 nos
1404 2215 1525 2264 versus
1549 2191 1643 2287 ipsos

437 2292 627 2393 Majorem,
674 2289 831 2378 allivum,
845 2305 881 2363 et
894 2289 1195 2364 Communitatem
1209 2292 1373 2390 pertinet,
1390 2317 1452 2366 seu
1470 2291 1643 2390 pertinere

435 2410 563 2493 posset,
581 2415 625 2465 ex
642 2392 752 2465 causis
769 2391 998 2489 supradictis:
1028 2391 1192 2464 Aceciam
1209 2393 1494 2492 perdonavimus,
1507 2391 1644 2464 remisi·

435 2519 526 2584 mus,
543 2510 578 2566 et
595 2491 826 2567 relaxavimus
843 2491 974 2565 eisdem
994 2492 1138 2592 Majori,
1153 2491 1302 2582 Ballivo,
1326 2510 1362 2566 et
1383 2492 1643 2567 Communitati

435 2594 656 2668 omnimodas
685 2593 904 2680 donaciones,
936 2592 1175 2682 alienaciones,
1205 2611 1242 2667 et
1272 2595 1544 2693 perquisiciones
1582 2617 1643 2690 per

436 2697 530 2793 ipsos
556 2695 601 2768 de
628 2695 730 2767 terris
756 2708 792 2766 et
819 2693 1029 2766 tenementis
1054 2696 1100 2768 de
1128 2695 1240 2783 nobis,
1269 2694 1325 2767 vel
1358 2692 1643 2794 progenitoribus

436 2797 564 2870 nostris
581 2794 759 2894 quondam
779 2792 937 2893 Regibus
953 2793 1094 2894 Anglie,
1118 2795 1155 2868 in
1181 2797 1293 2895 capite
1318 2797 1449 2869 tentis:
1478 2797 1642 2868 Aceciam

436 2897 657 2970 omnimodas
684 2895 895 2970 donaciones
922 2911 958 2967 et
985 2920 1048 2994 per
1075 2895 1259 2970 uisiciones
1285 2897 1329 2970 ad
1368 2921 1512 2970 manum
1546 2921 1644 2968 mor-

436 3017 535 3072 tuam
558 2996 666 3071 factas
688 3013 724 3070 et
748 2994 881 3069 habitas
904 2995 1033 3096 absque
1049 2921 1199 3070 licencia
1220 2998 1341 3096 regia3
1371 3023 1507 3070 necnon
1528 2998 1644 3071 omni-

437 3099 561 3174 modas
578 3099 791 3171 intrusiones
806 3113 842 3170 et
860 3097 1037 3198 ingressus
1053 3097 1089 3171 in
1107 3097 1336 3172 hereditatem
1360 3123 1472 3186 suam,
1494 3099 1530 3170 in
1548 3113 1645 3196 parte

438 3201 494 3273 vel
511 3200 548 3272 in
566 3215 655 3286 toto,
674 3214 754 3296 post
772 3213 923 3271 mortem
940 3215 1196 3272 antecessorum
1217 3223 1363 3272 suorum
1380 3199 1509 3298 absque
1526 3197 1644 3272 debita

438 3299 687 3401 prosecutione
716 3298 872 3398 ejusdem
902 3315 999 3371 extra
1034 3325 1177 3373 manum
1206 3301 1351 3400 regiam,
1381 3317 1462 3374 ante
1490 3301 1645 3374 eundem

439 3426 574 3476 nonum
602 3400 696 3474 diem
723 3398 871 3495 Aprilis,
900 3397 1018 3488 factas,
1046 3427 1116 3474 una
1143 3426 1223 3473 cum
1246 3400 1400 3474 exitibus
1426 3418 1462 3474 et
1480 3399 1645 3500 proficuis

439 3503 520 3576 inde
547 3501 665 3574 medio
692 3515 850 3597 tempore
878 3501 1073 3599 preceptis:
1112 3501 1163 3574 Et
1191 3501 1334 3601 insuper
1360 3503 1644 3599 pardonavimus,

438 3603 648 3688 remisimus,
665 3617 701 3673 et
719 3599 949 3674 relaxavimus
968 3602 1100 3675 eisdem
1126 3601 1273 3702 Majori,
1299 3602 1447 3690 Ballivo,
1473 3619 1508 3677 et
1534 3602 1646 3676 Com-

439 3703 602 3778 munitati
619 3701 841 3776 omnimodas
857 3726 963 3799 penas
979 3718 1058 3775 ante
1074 3702 1210 3776 dictum
1229 3728 1363 3776 nonum
1389 3704 1485 3777 diem
1511 3704 1546 3775 A
1571 3703 1645 3776 rilis

439 3801 635 3878 forisfactas
667 3827 784 3876 coram
823 3802 936 3890 nobis,
976 3827 1037 3875 seu
1076 3803 1222 3877 consilio
1260 3820 1394 3893 nostro,
1432 3729 1647 3878 cancelario

438 3902 676 3992 Thesaurarii,
716 3927 777 3976 seu
812 3902 932 4001 aliquo
966 3903 1134 3997 Judicum
1172 3921 1385 3992 nostrorum,
1424 3931 1490 4002 pro
1530 3905 1645 4005 aliqua

440 4030 565 4094 causa;
591 4021 627 4076 et
643 4029 767 4077 omnes
783 4003 865 4076 alias
881 4028 989 4101 penas
1011 4019 1081 4080 tam
1100 4004 1213 4094 nobis,
1256 4031 1336 4080 uam
1357 4005 1535 4079 carissimo
1555 4005 1656 4104 patri·

440 4123 563 4182 nostro
592 4102 775 4194 defuncto,
805 4129 867 4202 per
897 4105 992 4202 ipsos
1023 4105 1212 4207 Majorem,
1270 4106 1429 4196 allivum,
1463 4123 1499 4179 et
1536 4107 1647 4181 Com-

440 4208 648 4284 munitatem
678 4231 744 4304 pro
772 4205 887 4304 aliqua
922 4231 1032 4297 causa,
1069 4222 1149 4279 ante
1186 4207 1339 4282 eundem
1377 4233 1512 4280 nonum
1549 4207 1644 4281 diem

439 4311 585 4411 Aprilis,
613 4304 818 4398 forisfactas,
843 4323 878 4380 et
901 4308 945 4381 ad
973 4332 1063 4406 opus
1091 4324 1254 4382 nostrum
1274 4307 1438 4398 levand'3
1466 4334 1504 4381 ac
1526 4309 1644 4384 omni-
