3728 5258
426 471 494 544 118
781 466 958 542 DOVER
983 465 1260 542 CHARTERS

420 693 457 742 se
485 667 541 741 vel
571 691 634 766 per
658 682 876 741 attomatum
904 691 1012 742 suum
1040 666 1232 767 predictam
1261 667 1414 764 placeam
1444 690 1526 739 cum
1550 689 1631 762 per·

420 768 581 842 tinentiis
610 765 683 841 suis
710 783 747 842 et
773 781 894 842 totum
924 769 1143 868 mesuagium
1170 767 1320 865 predicti
1354 765 1495 840 Ricardi
1526 765 1632 866 Petyt

421 869 520 970 quod
565 867 671 944 habet
712 867 826 942 eidem
859 867 978 968 platee
1019 893 1209 957 annexum,
1243 869 1281 941 in
1320 891 1631 1040 quorumcumgue

422 993 549 1043 manus
590 969 627 1042 in
670 985 854 1069 posterum
888 970 1107 1061 devenerint,
1141 968 1272 1042 intrare
1312 968 1523 1070 distringere
1584 967 1632 1039 is-

423 1070 607 1144 tricciones
631 1068 803 1144 abducere
828 1086 864 1145 et
889 1097 995 1171 penes
1020 1096 1056 1144 se
1072 1070 1230 1145 detinere
1254 1095 1441 1170 quousque
1465 1068 1510 1142 de
1535 1068 1632 1142 dicto

421 1171 564 1246 redditu
581 1186 617 1245 et
639 1171 714 1272 ejus
739 1173 923 1272 arreragiis
948 1171 1101 1271 plenarie
1126 1169 1236 1246 fuerit
1257 1168 1499 1244 satisfactum:
1526 1184 1563 1243 ct
1587 1168 1631 1242 ad

422 1272 491 1348 hoc
524 1269 670 1347 faciend'
704 1273 885 1370 predictus
927 1273 1100 1346 Ricardus
1135 1271 1241 1370 Petyt
1274 1272 1302 1344 si
1346 1269 1454 1346 fuerit
1496 1294 1632 1344 necesse

422 1374 586 1450 concedit
619 1399 687 1471 pro
720 1399 756 1447 se
789 1373 977 1448 heredibus
1008 1389 1045 1448 et
1074 1374 1256 1474 assignatis
1289 1372 1361 1446 suis
1394 1397 1456 1472 per
1489 1396 1633 1469 presens

423 1475 598 1572 scriptum
640 1473 894 1572 prenominatis
934 1472 1067 1548 Abbati
1109 1490 1145 1547 ct
1188 1473 1388 1548 Conventui
1431 1490 1467 1547 et
1508 1497 1632 1547 eorum

424 1574 682 1650 successoribus
707 1601 747 1649 ac
770 1575 881 1648 eciam
899 1600 1023 1649 eorum
1048 1591 1228 1649 attornato
1253 1591 1326 1650 tam
1351 1575 1389 1648 in
1415 1575 1633 1674 mesuagium

425 1701 530 1751 suum
572 1675 791 1751 antedictum
827 1700 933 1777 quam
971 1677 1008 1749 in
1051 1676 1243 1775 predictam
1286 1674 1439 1775 placeam
1481 1673 1633 1748 liberum

424 1779 620 1877 ingressum
645 1791 681 1850 et
706 1801 911 1877 egressum:
938 1793 974 1849 et
992 1777 1141 1874 predicti
1166 1776 1289 1850 Abbas
1313 1792 1349 1850 et
1367 1777 1574 1850 Conventus
1598 1791 1635 1848 et

425 1901 639 1952 successores
656 1876 709 1950 sui
727 1893 840 1951 totam
881 1876 1052 1951 redictam
1078 1881 1232 1977 placeam
1249 1895 1342 1952 terre
1361 1902 1442 1950 cum
1467 1876 1634 1951 omnibus

425 1977 648 2076 pertinenciis
677 1979 749 2050 suis
782 1903 919 2078 preldto
949 1979 1103 2054 Ricardo
1132 1980 1239 2078 Petyt
1272 1994 1308 2052 et
1340 1979 1502 2072 Johanne
1532 1977 1634 2051 uxori

425 2104 487 2152 sue
503 2077 689 2152 heredibus
705 2095 742 2152 et
758 2079 940 2178 assignatis
953 2080 1064 2179 ipsius
1082 2079 1224 2154 Ricardi
1240 2095 1362 2153 contra
1374 2103 1497 2153 omnes
1512 2094 1636 2179 gentes

424 2178 723 2255 warrantizabunt
740 2179 1014 2278 imperpetuum.

502 2279 544 2353 ln
561 2304 717 2381 quorum
734 2281 895 2354 omnium
912 2282 1156 2356 testimonium
1173 2297 1209 2355 et
1225 2281 1333 2356 iidem
1349 2281 1433 2354 huic
1449 2280 1582 2378 scripto
1599 2280 1636 2353 in

426 2382 575 2458 modum
592 2382 803 2481 cyrographi
821 2381 984 2457 confecto
1000 2400 1118 2481 partes
1135 2383 1290 2481 predicte
1306 2381 1507 2456 alternatim
1523 2381 1637 2482 sigilla

426 2509 490 2556 sua
523 2499 775 2580 apposuerunt,
806 2483 908 2584 eujus
936 2510 1006 2558 una
1036 2509 1114 2582 pars
1140 2483 1277 2582 signata
1309 2481 1427 2584 sigillo
1453 2483 1636 2557 communi

424 2584 604 2658 dictorum
628 2581 780 2658 Abbatis
808 2600 845 2657 et
871 2584 1080 2658 Conventus
1102 2584 1225 2659 Sancte
1251 2584 1480 2684 Radegundis
1508 2583 1637 2657 residet

426 2709 532 2783 penes
549 2681 727 2782 prefatum
745 2684 940 2760 Ricardum
959 2685 1066 2784 Petyt
1081 2702 1118 2759 et
1132 2687 1332 2778 Johannam
1359 2709 1507 2757 uxorem
1523 2709 1633 2772 suam,

427 2786 536 2860 altera
563 2810 647 2858 vero
672 2803 770 2882 parte
796 2786 933 2886 signata
956 2787 1075 2886 sigillo
1100 2787 1211 2885 ipsius
1229 2786 1369 2861 Ricardi
1396 2785 1504 2884 Petyt
1529 2809 1636 2885 penes

428 2887 570 2962 eosdem
590 2884 768 2960 Abbatem
785 2906 820 2960 et
838 2887 1067 2961 Conventum
1084 2887 1266 2964 residente.
1510 2913 1512 2916 ’

504 2989 596 3061 Data
612 3012 688 3087 quo
704 2988 749 3062 ad
766 2986 943 3086 prefatum
970 2988 1163 3062 Ricardum
1179 2990 1275 3089 apud
1298 2989 1500 3064 Dovorram
1519 2987 1637 3088 primo

427 3089 485 3162 die
512 3089 639 3161 mensis
656 3087 759 3162 Maii.
785 3091 895 3164 Anno
918 3090 1017 3190 regni
1045 3091 1150 3189 Regis
1171 3089 1313 3164 Ricardi
1335 3088 1480 3164 secundi
1504 3088 1637 3190 Anglie

429 3189 705 3289 quintodecimo.

503 3289 591 3364 Hiis
608 3289 765 3379 testibus,
783 3290 944 3388 Johanne
961 3305 1034 3364 atte
1050 3289 1172 3382 Halle,
1186 3307 1274 3365 tunc
1292 3290 1433 3392 Majore
1448 3315 1459 3380 3
1475 3291 1637 3385 Johanne

429 3389 576 3479 Gerold,
597 3389 760 3478 Balliv03
788 3390 940 3474 Ricardo
957 3391 1097 3465 Arnold
1115 3418 1126 3483 3
1152 3392 1312 3487 Johanne
1328 3392 1457 3480 Lord;
1484 3392 1637 3466 Ricardo

432 3489 602 3578 Plomer;
639 3489 823 3563 Willelmo
848 3489 1058 3590 Engeland;
1100 3492 1261 3585 Johanne
1288 3494 1445 3592 Bordyn,
1479 3493 1636 3590 pistore3

427 3591 589 3685 Johanne
606 3591 703 3666 Lade
721 3616 731 3679 ;
759 3589 917 3666 Roberto
936 3592 1040 3688 Wyt,
1056 3608 1092 3667 et
1108 3593 1185 3666 aliis
1201 3593 1334 3669 multis.
