3748 5266
425 509 494 596 184
780 500 961 577 noves
987 499 1268 576 emisseus

921 697 958 774 L
969 696 1013 775 X
1027 696 1045 775 1
1060 696 1078 775 Ι
1093 696 1124 776 1.

794 871 805 936 i
825 869 994 952 Augusti,
1018 869 1057 936 τό
1079 870 1171 937 Hen-
1191 869 1253 935 Vl.

422 1025 552 1126 [H]sc
580 1025 769 1100 indentura
797 1025 973 1123 tripartita
999 1024 1090 1100 fecta
1123 1025 1214 1098 inter
1249 1024 1428 1125 Majorem
1454 1038 1491 1096 et
1520 1023 1630 1096 com-

421 1129 631 1201 munitatem
664 1126 758 1199 Ville
792 1127 957 1202 Dovorre
990 1151 1034 1200 ex
1068 1153 1138 1200 una
1170 1141 1279 1225 parte,
1313 1150 1352 1198 sc
1386 1125 1565 1226 Majorem
1594 1136 1630 1195 et

423 1228 726 1303 communitatem
742 1227 837 1302 Ville
853 1229 898 1302 de
915 1227 1125 1302 ffsversham
1141 1253 1185 1300 ex
1202 1245 1300 1326 parte
1315 1227 1435 1315 altera,
1452 1240 1602 1300 testatur
1618 1248 1630 1310 3

421 1329 520 1430 quod
550 1354 630 1402 cum
656 1330 808 1428 quedem
834 1329 913 1403 lites
936 1346 972 1402 et
998 1329 1235 1404 controversie
1263 1353 1375 1426 nuper
1402 1329 1495 1400 inter
1515 1340 1632 1425 partes

423 1430 595 1531 predictas
623 1447 745 1503 exorte
774 1428 907 1504 fuerint
937 1431 982 1504 de
1010 1447 1046 1502 et
1073 1455 1178 1528 super
1206 1429 1354 1503 diversis
1378 1427 1631 1513 exaccionibus,

421 1530 755 1620 contribucionibus,
768 1530 1067 1630 imposicionibus,
1078 1529 1237 1630 tdlcgiis,
1250 1529 1425 1620 oneribus,
1436 1527 1634 1602 assessioni-

423 1634 499 1721 bus,
510 1649 546 1706 et
557 1633 740 1706 demendis
750 1657 837 1731 quas
849 1633 997 1730 predicti
1013 1632 1134 1732 Major
1143 1648 1180 1705 et
1190 1631 1436 1706 Communitas
1446 1631 1539 1704 dicte
1549 1628 1634 1702 ville

424 1737 638 1822 Dovorre,s
663 1732 830 1831 predictis
855 1733 996 1834 Majore
1020 1749 1056 1807 et
1074 1733 1342 1807 Communitate
1367 1733 1461 1806 dicte
1488 1729 1569 1805 ville
1589 1730 1633 1803 de

425 1835 635 1909 ffcversham
660 1835 862 1932 petiverunt
879 1850 915 1909 et
941 1834 1136 1908 clamabant
1154 1852 1194 1908 ut
1212 1836 1257 1909 de
1276 1835 1358 1936 jure
1375 1832 1531 1932 predicte
1550 1829 1633 1906 ville

424 1939 604 2022 Dovorre,
620 1951 768 2033 excepto
793 1952 828 2009 et
846 1953 1024 2010 reservato
1048 1935 1198 2009 servicio
1221 1937 1370 2011 domino
1394 1951 1517 2007 nostro
1543 1933 1633 2032 Regi

424 2055 459 2110 et
493 2036 680 2110 heredibus
712 2036 784 2110 suis
816 2060 922 2136 super
954 2063 1048 2110 mare
1081 2036 1213 2126 debito,
1247 2062 1287 2110 ac
1320 2034 1516 2110 rationabili
1550 2058 1636 2106 con-

425 2137 621 2212 tribucione
663 2136 707 2211 ad
749 2137 934 2236 quodlibet
968 2138 1179 2236 promissum
1217 2137 1274 2212 vel
1312 2139 1448 2212 donum
1483 2135 1634 2209 Custodi

426 2239 594 2338 Quinque
612 2238 801 2326 Portuum,
819 2238 880 2354 qui
906 2263 973 2337 pro
989 2255 1149 2337 tempore
1165 2238 1283 2326 fuerit,
1301 2238 1493 2312 cumidem
1517 2253 1636 2309 custos

425 2355 680 2414 sactonentum
719 2338 912 2412 Beronibus
960 2340 1153 2414 eorundem
1195 2358 1364 2438 portuum
1406 2363 1472 2437 pro
1512 2339 1635 2412 eorum

426 2440 585 2514 libertate
628 2465 690 2539 per
731 2441 848 2527 ipsum
891 2441 1138 2515 manutenend’
1180 2441 1299 2538 primo
1366 2439 1531 2514 restiterit
1573 2464 1636 2537 per

427 2541 627 2641 predictum
679 2542 856 2642 Majorem
906 2556 943 2614 et
986 2541 1288 2616 Communitatem
1330 2467 1425 2615 dicte
1467 2540 1549 2614 ville
1591 2539 1635 2612 de

427 2642 637 2716 ffaversham
679 2658 714 2714 et
756 2666 969 2716 successores
1010 2667 1101 2730 suos,
1154 2668 1236 2717 cum
1269 2642 1432 2717 acciderit
1474 2639 1636 2726 faciend’,

427 2745 612 2818 dumtaxat
644 2758 812 2841 excepta:
857 2743 913 2816 De
939 2743 1068 2859 quibus
1096 2743 1243 2842 quidem
1273 2742 1525 2831 exaccionibus,
1552 2766 1637 2814 con-

427 2843 685 2918 tribucionibus
726 2859 762 2917 et
799 2844 994 2934 demendis,
1032 2845 1186 2943 exceptis
1223 2845 1451 2943 preexceptis,
1492 2843 1638 2916 tandem

429 2943 645 3019 mediacione
688 2943 940 3018 venerabilium
991 2970 1221 3044 personarum
1263 2943 1414 3019 Galfridi
1465 2943 1638 3031 Louther,

427 3043 702 3121 locumtenentis
714 3045 882 3120 Custodis
898 3046 1067 3146 Quinque
1085 3048 1281 3135 Portuum;
1304 3045 1634 3142 JohannisDarelle,

429 3147 616 3222 etThome
627 3146 782 3235 Broune,
793 3147 1088 3246 Armigerorum;
1107 3165 1222 3246 partes
1232 3149 1388 3246 predicte
1398 3160 1637 3220 convenerunt

429 3250 466 3322 in
484 3248 682 3347 formaque
698 3247 913 3346 subscrip[ta
931 3248 1015 3346 est],
1034 3249 1208 3337 videlicet,
1226 3249 1324 3347 quod
1342 3275 1408 3347 pro
1424 3247 1637 3321 omnimodis

429 3348 681 3436 exaccionibus,
698 3349 860 3448 tollagiis,
871 3349 1046 3438 oneribus,
1063 3349 1320 3441 assessionibus,
1338 3347 1635 3447 imposicionibus,

429 3448 762 3540 contribucionibus,
789 3466 825 3524 et
848 3449 1044 3538 demendis,
1068 3451 1222 3549 exceptis
1246 3451 1478 3550 preexceptis,
1501 3474 1570 3548 que
1596 3450 1640 3523 de

429 3551 560 3624 eisdem
595 3549 735 3648 Majore
763 3565 799 3622 et
833 3549 1099 3626 Communitate
1133 3552 1227 3627 dicte
1251 3553 1335 3627 ville
1360 3552 1405 3626 de
1430 3551 1638 3626 ffaversham

430 3651 568 3750 exigere
584 3649 710 3724 habere
727 3650 784 3724 vel
801 3649 949 3724 clamare
965 3668 1134 3752 poterunt
1150 3678 1286 3726 necnon
1299 3677 1403 3726 omne
1415 3653 1476 3753 jus
1491 3650 1638 3724 titulum

429 3767 465 3825 et
482 3752 653 3824 clameum
678 3776 749 3850 que
772 3751 809 3825 in
835 3749 966 3825 eisdem
984 3753 1248 3827 Communitste
1272 3769 1308 3828 et
1330 3753 1415 3828 villa
1429 3752 1560 3826 habent
1582 3751 1639 3826 vel

429 3852 669 3952 quovismodo
681 3851 831 3925 habuere
843 3869 1024 3952 poterunt,
1034 3856 1187 3952 exceptis
1199 3856 1425 3954 preexoeptis,
1438 3855 1476 3927 in
1489 3851 1613 3927 futuro
1628 3877 1638 3940 ;

432 3955 485 4026 Its
527 3953 624 4053 quod
659 3953 808 4050 predicti
848 3954 968 4055 Major
1008 3971 1045 4028 et
1080 3956 1325 4029 Communitss
1366 3953 1522 4053 predicte
1555 3953 1640 4028 ville

432 4055 597 4129 Dovorre
614 4077 738 4127 eorum
756 4054 900 4128 heredes
915 4070 951 4128 et
968 4081 1180 4130 successores
1196 4057 1241 4132 de
1253 4056 1418 4131 omnibus
1435 4055 1638 4156 hujusmodi

428 4154 684 4244 exaccionibus,
696 4154 995 4252 imposicionibus,
1006 4156 1340 4247 contribucionibus,
1353 4156 1513 4256 tollagiis,
1523 4155 1640 4229 oneri-

432 4255 507 4346 bus,
526 4255 690 4329 omnibus
706 4256 953 4330 assessionibus
968 4273 1004 4331 et
1026 4258 1220 4347 demendis,
1234 4257 1316 4359 jure
1332 4259 1440 4333 titulo
1456 4272 1491 4330 et
1509 4257 1642 4330 clameo
