3702 5254
462 474 535 548 290
821 453 1001 529 DOVER
1028 453 1307 529 CHARTERS

458 653 708 746 forisfacturas,
751 679 816 754 pro
858 653 1104 751 impanelland'
1139 654 1277 754 aliquos
1314 681 1375 728 seu
1408 653 1582 770 aliquem
1595 681 1671 728 ser-

458 757 619 830 vientum
643 781 706 829 seu
728 755 978 829 officiariorum
1001 781 1148 829 suorum
1175 757 1212 829 in
1242 757 1387 854 panellis
1419 772 1455 829 et
1475 755 1604 874 juratis
1630 757 1670 830 in

458 857 554 930 curia
577 872 706 945 nostra,
726 855 813 930 vel'
805 882 842 930 tn
864 856 961 930 turia
977 855 1123 956 alicujus
1140 858 1378 973 progenitoris
1402 858 1525 946 nostri,
1549 882 1669 931 coram

459 956 576 1044 nobis,
594 974 655 1032 aut
672 957 717 1031 ali
745 983 793 1030 uo
815 958 1041 1058 progenitore
1069 973 1200 1049 nostro,
1219 976 1280 1032 aut
1303 958 1339 1032 in
1357 959 1474 1057 aliqua
1489 957 1555 1031 alia
1570 959 1670 1031 curia

459 1075 589 1149 nostra,
614 1059 669 1132 vel
708 983 854 1174 alicujus
887 1060 1125 1158 progenitoris
1166 1060 1278 1133 nostri
1312 1084 1566 1160 quacumque·
1610 1061 1669 1132 Ac

458 1161 577 1233 omnia
593 1176 630 1232 et
653 1159 861 1234 omnimoda
885 1175 920 1234 et
943 1160 1082 1260 singula
1106 1159 1172 1234 alia
1192 1159 1338 1249 offensa,
1361 1159 1667 1260 transgressiones,

458 1277 683 1359 contemptus
698 1277 735 1334 et
757 1258 1002 1334 forisfacturas
1018 1285 1271 1434 quascumque,
1261 1285 1346 1360 ,per
1363 1262 1457 1359 ipsos
1473 1261 1668 1362 Majorem,

460 1361 650 1449 Ballivum,
667 1377 703 1434 et
720 1361 1035 1452 communitatem,
1054 1379 1175 1436 contra
1203 1385 1341 1436 ormam
1357 1387 1668 1461 quorumcumque

457 1479 493 1536 et
505 1463 731 1561 singulorum
744 1478 970 1553 statutorum,
985 1488 1105 1536 versus
1115 1480 1339 1537 vicecomites
1342 1463 1668 1552 ,subvicecomites,

457 1565 601 1638 clericos
618 1563 903 1638 vicecomitatum
907 1581 1134 1656 ,escaetorcs,
1147 1565 1364 1654 senescallos,
1382 1563 1668 1652 subsenescallos,

458 1665 617 1780 majores,
643 1663 928 1755 constabularios,
955 1665 1152 1781 prepositos
1177 1680 1213 1739 et
1237 1625 1396 1754 ballivos,
1414 1683 1450 1739 et
1472 1691 1609 1752 eorum,
1626 1691 1668 1738 ac

457 1765 644 1866 cujuslibet
677 1792 813 1856 eorum,
847 1724 1055 1866 depbtatum
1093 1765 1167 1839 sive
1208 1767 1413 1865 deputatos,
1447 1791 1508 1840 seu
1540 1792 1667 1840 eorum

456 1867 622 1966 aliquem,
657 1882 718 1940 aut
751 1867 888 1967 aliquos
921 1867 1157 1955 vicecomites,
1190 1867 1494 1956 subvicecomites,
1524 1867 1670 1941 clericos

457 1967 717 2057 vicecomitum,
742 1984 945 2056 escaetores‚
963 1969 1179 2056 senescallos,
1205 1969 1487 2058 subsenescallos,
1505 1969 1667 2083 majores,

456 2066 741 2155 constabularios,
761 2069 960 2168 prepositos
982 2085 1018 2142 et
1042 2069 1201 2160 ballivos,
1219 2085 1255 2143 et
1278 2095 1415 2159 eorum,
1433 2095 1494 2144 seu
1520 2069 1668 2170 alicujus

455 2193 579 2242 eorum
582 2168 861 2266 ‚deputatum
836 2195 909 2242 srve
930 2171 1128 2269 deputatos,
1146 2128 1203 2244 vel
1220 2196 1343 2244 eorum
1370 2170 1522 2286 aliquem
1545 2171 1668 2270 aliquo

456 2269 566 2342 modo
582 2286 749 2368 tangente
766 2295 826 2342 seu
843 2286 1083 2360 conternente,
1103 2288 1184 2345 ante
1208 2271 1344 2346 dictum
1362 2271 1470 2360 diem,
1488 2268 1665 2344 factorum

455 2370 528 2442 sive
569 2371 749 2444 editorum
793 2395 855 2468 per
889 2372 984 2470 ipsos
1026 2329 1218 2472 Mijorem,
1252 2371 1440 2461 Ballivum,
1473 2387 1510 2445 et
1552 2373 1666 2446 Com-

455 2471 677 2559 munitatem,
708 2487 788 2544 ante
816 2473 968 2545 eundem
1002 2471 1098 2546 diem
1132 2473 1437 2574 qualitercumque
1466 2471 1558 2547 facta
1590 2474 1667 2547 sive

454 2587 675 2672 perpetrata:
713 2573 763 2646 Et
804 2597 928 2648 omnes
960 2571 1211 2663 forisfacturas,
1244 2574 1594 2690 condempnationes,
1627 2591 1665 2648 et

453 2673 678 2746 denariorum
712 2697 866 2746 summas
895 2672 1008 2764 nobis,
1039 2677 1174 2750 ratione
1208 2701 1271 2748 seu
1304 2675 1485 2750 occasione
1515 2676 1665 2774 premis-

452 2799 586 2866 sorum,
629 2800 692 2848 seu
744 2800 869 2849 eorum
921 2775 1082 2876 alicujus,
1136 2777 1354 2875 pertinentes
1401 2775 1536 2850 debitas
1587 2776 1665 2849 sive

450 2890 667 2974 spectantes,
710 2875 761 2950 Et
802 2877 945 2953 easdem
979 2875 1219 2952 forisfacturas
1253 2878 1593 2977 condempnationes
1626 2893 1663 2949 et

451 2977 678 3051 denariorum
720 3003 875 3052 summas
916 2977 1049 3052 eisdem
1102 2978 1249 3080 Majori,
1283 2978 1433 3070 Ballivo,
1472 2995 1508 3051 ct
1551 2978 1665 3052 Com-

452 3078 630 3167 munitati,
657 3105 718 3178 per
745 3096 922 3177 presentes
946 3079 1072 3152 damus
1101 3096 1137 3152 et
1163 3079 1402 3168 concedimus,
1424 3039 1577 3152 babend'
1595 3078 1660 3153 sibi

451 3180 495 3253 de
528 3178 626 3254 dono
655 3195 780 3254 nostro
810 3179 940 3280 absque
970 3205 1049 3252 com
1077 3195 1140 3253 oto
1170 3205 1231 3253 seu
1265 3180 1385 3280 aliquo
1414 3181 1483 3254 alio
1513 3179 1664 3278 proinde

455 3278 556 3354 nobis
580 3279 752 3355 reddend'
778 3281 936 3354 solvend’
961 3280 1019 3354 vel
1044 3205 1202 3354 liciend'.
1266 3283 1468 3370 Aeacum,
1487 3281 1664 3380 perdona-

454 3406 544 3470 mus,
572 3381 798 3468 remittimus,
825 3398 861 3454 ct
888 3381 1097 3468 relaxamus,
1120 3381 1253 3455 eisdem
1279 3381 1425 3482 Majori,
1451 3381 1600 3470 Ballivo,
1626 3399 1663 3455 et

454 3440 721 3570 Corrimunitati,
766 3505 890 3555 omnes
938 3498 975 3554 et
1025 3482 1248 3556 omnimodas
1296 3483 1586 3583 transgressiones
1626 3499 1662 3556 et

452 3579 612 3671 offensas,
639 3581 895 3680 mesprisiones,
913 3583 1151 3682 deceptiones,
1170 3583 1438 3684 necligencias,
1429 3584 1660 3699 rgnorancias,

453 3699 489 3756 et
506 3699 732 3780 contemptus
748 3700 872 3757 contra
888 3682 1040 3758 formam
1059 3710 1366 3800 quorumcumque
1388 3700 1424 3757 et
1440 3684 1662 3802 singulorum

452 3800 680 3874 statutorum,
699 3784 941 3881 provisionum
963 3811 1024 3859 seu
1041 3785 1308 3860 ordinationum
1319 3811 1441 3860 versus
1448 3785 1662 3886 justitiarios

454 3885 497 3958 ad
516 3884 641 3983 placita
663 3909 781 3958 coram
799 3886 911 3975 nobis,
938 3903 998 3960 aut
1013 3887 1133 3986 aliquo
1150 3887 1419 3986 progenitorum
1445 3904 1658 3976 nostrorum,

453 3987 595 4060 tenend’
625 3985 839 4086 justitiarios
881 3987 926 4061 de
968 3986 1080 4060 banco
1119 4004 1254 4077 nostr0,
1289 4004 1349 4062 aut
1386 3988 1550 4104 alicujus
1576 4013 1660 4086 pro-

452 4086 656 4188 genitorum
683 4104 896 4176 nostrorum,
920 4088 1134 4204 justitiarios
1159 4090 1203 4163 ad
1229 4089 1359 4178 assisas,
1380 4089 1595 4205 justitiarios
1617 4089 1660 4162 ad

454 4187 570 4288 gaolas
609 4187 871 4279 deliberand’,
840 4189 1071 4305 Justiciarios
1103 4189 1177 4264 sive
1210 4192 1374 4264 custodes
1416 4190 1509 4289 pacis
1543 4205 1660 4264 nostre

454 4290 693 4378 conservand',
736 4306 797 4363 aut
832 4289 1047 4391 justitiarios
1079 4291 1153 4364 sive
1191 4291 1354 4366 custodes
1391 4291 1536 4391 alicujus
1578 4316 1662 4390 pro-
