3728 5258
435 448 501 538 178
788 442 971 518 DOVER
998 441 1277 517 CHARTERS

962 639 1055 718 LX
1068 638 1099 718 1.

786 813 835 896 xij
858 813 1035 894 Octobris,
1056 827 1078 892 3
1100 812 1192 880 Han.
1213 811 1275 877 vt.

430 968 644 1043 Hauntcus
682 970 738 1043 dei
776 970 890 1071 gratia
928 971 1004 1044 Rex
1034 969 1176 1068 Anglie,
1208 967 1362 1055 ffrancie,
1391 981 1427 1038 et
1458 965 1637 1038 Dominus

429 1068 630 1157 Hibernie;
658 1070 843 1145 Universis
866 1085 902 1144 et
928 1070 1077 1172 singulis
1101 1069 1320 1158 Admirallis‚
1345 1083 1382 1141 et
1407 1091 1530 1140 eorum
1560 1064 1637 1138 loca

426 1170 638 1260 tenentibus,
671 1171 891 1266 Justiciariis‚
927 1171 1171 1260 Custumariis,
1209 1167 1425 1245 Custodibus
1466 1181 1636 1266 portuum

428 1271 535 1344 maris
550 1290 586 1346 ct
603 1271 754 1346 aliorum
771 1275 930 1348 locorum
951 1273 1222 1358 maritimorum,
1249 1295 1385 1344 necnon
1410 1266 1635 1341 Vieccomiti-

429 1370 504 1462 bus,
524 1373 735 1475 Majoribus,
754 1373 1015 1464 Escaetoribus,
1034 1371 1320 1461 Constabulariis,
1335 1369 1489 1460 Ballivis,
1504 1368 1638 1442 Minis·

428 1475 506 1562 tris,
536 1499 574 1546 ac
603 1474 680 1548 aliis
708 1475 871 1550 fidelibus
899 1490 935 1548 et
964 1473 1115 1549 subditis
1143 1472 1227 1562 suis,
1257 1471 1349 1546 infra
1385 1469 1562 1544 libertates
1601 1487 1636 1543 et

429 1590 537 1662 extra,
555 1591 627 1649 tarn
646 1601 708 1674 per
725 1592 854 1650 terram
871 1601 978 1675 quam
1008 1601 1070 1675 per
1095 1599 1201 1665 mare,
1219 1571 1634 1648 constitutis—Salutem.

505 1675 609 1766 Cum,
640 1677 732 1750 inter
761 1693 890 1751 ceteras
920 1676 1097 1750 libertates
1124 1692 1161 1750 et
1190 1672 1403 1776 quietancias
1440 1671 1637 1746 Batonibus

430 1776 601 1876 Quinque
627 1777 802 1852 Portuum
829 1793 1032 1852 nostrorum
1059 1803 1120 1876 per
1139 1793 1250 1851 cartas
1267 1773 1535 1874 progenitorum
1554 1797 1636 1848 nos·

428 1893 567 1950 trorum
596 1879 775 1978 quondam
806 1879 948 1994 Regum
977 1878 1013 1951 A
1063 1877 1109 1951 lie
1141 1902 1330 1967 concessas,
1359 1899 1560 1950 concessum
1589 1874 1636 1947 sit

429 1977 572 2066 eisdem,
625 1979 698 2053 uod
726 1978 792 2078 ipsi
816 1979 927 2079 quieti
945 1981 1015 2053 sint
1057 2005 1076 2051 e
1093 1977 1189 2053 omni
1208 1978 1407 2064 theoloneo,
1424 1975 1521 2050 etde
1538 1975 1636 2048 omni

429 2005 696 2169 consuetudine,
717 2079 893 2169 videlicet,
917 2079 962 2153 ab
987 2080 1084 2153 omni
1109 2079 1266 2178 lestagio,
1293 2077 1446 2178 tallagio,
1467 2075 1635 2176 passagio,

430 2179 583 2278 eayagio,
602 2179 750 2280 rivagio,
768 2207 788 2254 a
805 2180 985 2280 pontagio,
1002 2195 1038 2254 ct
1055 2180 1152 2254 omni
1170 2205 1272 2269 wrec,
1289 2178 1386 2253 etde
1412 2193 1487 2252 tota
1512 2176 1636 2251 vendi-

429 2278 542 2370 cione,
569 2282 691 2356 achato
717 2280 859 2355 rechato
884 2307 961 2370 suo,
989 2307 1051 2380 per
1078 2297 1190 2355 totam
1218 2297 1347 2354 terram
1374 2293 1409 2353 et
1426 2295 1635 2378 potestatem

430 2397 597 2470 nostram,
625 2408 707 2456 cum
733 2407 833 2456 socca
857 2397 893 2456 et
920 2407 1026 2472 sacca,
1053 2398 1090 2455 et
1117 2382 1193 2455 thol
1210 2398 1247 2455 et
1269 2382 1379 2469 them,
1396 2396 1432 2454 et
1449 2380 1547 2479 quod
1564 2380 1635 2454 sint

429 2481 578 2580 wrecfry
607 2499 643 2556 et
672 2481 838 2579 wittefry,
870 2498 906 2557 et
935 2480 1123 2583 lestagefry
1150 2499 1187 2556 et
1216 2479 1434 2580 lovecopfry,
1465 2496 1501 2554 et
1529 2481 1634 2553 etiam

429 2583 527 2682 quod
556 2583 667 2684 quieti
695 2585 768 2657 sint
797 2584 841 2658 de
869 2583 973 2657 shiris
1001 2598 1038 2656 et
1065 2582 1270 2671 hundredis,
1301 2581 1350 2656 ita
1375 2581 1473 2682 quod
1500 2581 1528 2654 si
1554 2579 1635 2681 quis

429 2708 551 2756 versus
578 2683 657 2758 illos
684 2684 847 2784 placitare
873 2682 1053 2758 voluerint
1079 2682 1145 2781 ipsi
1174 2709 1246 2757 non
1270 2683 1504 2782 respondeant
1522 2707 1635 2856 neqqe

430 2784 597 2882 placitent
613 2784 714 2859 aliter
757 2811 840 2860 uam
856 2785 1021 2885 placitare
1038 2783 1197 2858 solebant
1218 2800 1377 2882 tempore
1403 2782 1550 2857 Domini
1623 2838 1632 2855 .

431 2885 549 2986 Regis,
576 2887 697 2984 proavi
723 2811 860 2960 domini
886 2886 946 2976 E,
972 2911 1085 2986 nuper
1112 2885 1221 2986 Regis
1237 2885 1380 2985 Anglie,
1399 2883 1635 2982 progenitoris

430 2987 556 3076 nostri,
573 3002 609 3061 et
625 2987 725 3086 quod
742 2985 890 3062 habeant
907 2987 1133 3061 inventiones
1149 3011 1227 3059 suas
1242 2986 1280 3058 in
1301 2985 1388 3058 mari
1405 3000 1441 3058 et
1466 2983 1504 3058 in
1529 3001 1633 3073 terra,

429 3103 465 3161 et
482 3088 580 3188 quod
598 3087 709 3188 quieti
725 3087 797 3162 sint
812 3088 858 3162 de
875 3088 1040 3162 omnibus
1057 3086 1162 3161 rebus
1183 3086 1255 3160 suis
1270 3102 1307 3159 et
1322 3086 1368 3160 de
1385 3101 1466 3160 toto
1481 3102 1635 3160 mercato

428 3213 496 3263 suo
519 3189 610 3264 sicut
636 3189 748 3264 nostri
772 3187 873 3262 liberi
899 3189 1072 3280 homines,
1093 3204 1130 3262 et
1155 3188 1254 3288 quod
1280 3212 1351 3261 non
1369 3186 1535 3286 placitent
1552 3185 1632 3262 alibi

429 3289 495 3362 nisi
514 3289 574 3363 ubi
590 3289 779 3364 debuerint
801 3306 837 3362 et
853 3287 1022 3379 solebant,
1046 3287 1176 3362 scilicet
1206 3290 1300 3388 apud
1329 3287 1567 3388 Shepweyam,
1597 3304 1634 3361 et

429 3390 527 3489 quod
557 3389 675 3464 nullus
704 3416 763 3464 eos
792 3389 921 3491 injuste
950 3389 1125 3464 disturbet
1154 3416 1268 3490 neque
1297 3405 1493 3464 mercatum
1509 3415 1634 3463 eorum

429 3515 535 3589 super
560 3489 818 3565 forisfacturam
845 3507 999 3566 noemam
1027 3492 1150 3566 decem
1176 3491 1356 3579 librarum,
1383 3507 1421 3564 et
1447 3490 1544 3590 quod
1562 3516 1633 3564 non

428 3607 607 3688 ponantur
637 3591 674 3664 in
704 3592 817 3666 assisis
854 3592 988 3686 Juratis
1017 3592 1074 3666 vel
1112 3591 1416 3693 recognitionibus
1457 3589 1635 3692 aliquibus

428 3692 563 3765 ratione
591 3691 763 3767 forinseca
793 3709 916 3766 tenure
944 3718 1007 3767 sue
1044 3708 1167 3768 contra
1203 3693 1424 3769 voluntatem
1457 3717 1566 3782 suam,
1598 3708 1634 3766 et

427 3794 525 3894 quod
555 3817 678 3867 omnes
707 3793 758 3867 illi
787 3794 832 3869 de
887 3793 1019 3894 uinque
1048 3792 1234 3893 portubus,
1264 3809 1299 3868 et
1330 3793 1388 3868 alii
1417 3795 1634 3894 quicumque

426 3894 639 3970 advocantes
679 3921 716 3968 se
757 3896 802 3971 de
844 3819 1005 3970 libertate
1044 3895 1250 3985 eorundem,
1288 3910 1325 3968 et
1363 3895 1444 3968 inde
1481 3896 1634 3997 gaudere

426 3995 596 4087 volentes,
649 3995 876 4070 contribuant
927 3997 971 4069 ad
1024 3994 1208 4097 navigium
1253 4010 1289 4068 et
1329 3995 1475 4069 servicia
1516 4011 1635 4070 nostra

426 4097 687 4172 manutenenda
727 4113 764 4170 et
804 4096 961 4172 facienda
1000 4097 1045 4171 de
1082 4096 1249 4171 omnibus
1287 4093 1388 4170 bonis
1412 4111 1465 4192 ⁴et
1503 4095 1635 4170 catallis

426 4199 498 4272 suis
539 4214 612 4273 tam
654 4213 752 4272 extra
793 4198 991 4272 libertatem
1033 4213 1205 4296 portuum
1247 4198 1487 4296 predictorum
1525 4223 1632 4297 quam

424 4298 518 4374 infra
542 4298 786 4390 existentibus,
815 4315 852 4372 et
880 4299 924 4374 ad
953 4299 1021 4373 hoc
1052 4299 1210 4399 Majores
1238 4314 1275 4372 et
1302 4301 1446 4394 Juratos
1462 4313 1632 4397 portuum

424 4400 676 4501 predictorum,
714 4416 751 4476 et
787 4400 892 4476 etiam
931 4426 993 4500 per
1023 4399 1330 4476 Constabularium
1370 4399 1484 4475 Castri
1522 4401 1632 4476 nostri
