3702 5254
423 457 494 553 29⁶
781 455 963 531 novun
991 454 1271 531 craxamus

422 649 645 749 spectantes:
690 631 740 706 Et
779 631 918 706 easdem
984 629 1236 722 forisfacturas,
1296 632 1396 718 fines,
1440 629 1632 727 condemp-

424 759 586 808 nacrones
618 751 655 807 et
687 734 915 808 denariorum
949 758 1105 807 summas
1139 733 1272 808 eisdem
1308 731 1452 832 Majori,
1483 729 1632 820 Ballivo,

422 851 458 909 et
476 835 735 910 Communitati
753 860 815 934 per
837 852 1016 932 presentes
1032 836 1159 910 damm
1174 850 1211 910 et
1228 832 1467 923 concedimus,
1486 831 1635 906 habend’

425 935 558 1010 eisdem
594 937 740 1036 Majori,
769 935 918 1025 Ballivo,
948 953 985 1010 et
1016 935 1276 1011 Communitati
1310 936 1355 1010 de
1379 935 1479 1009 dono
1510 951 1636 1006 nostro

426 1037 557 1138 absque
596 1055 765 1136 compoto
805 1063 866 1110 seu
905 1038 1026 1137 aliquo
1075 1037 1146 1110 alio
1192 1036 1276 1112 inde
1318 1035 1420 1109 nobis
1462 1035 1634 1110 reddend’

426 1138 585 1212 solvend’
615 1137 673 1213 vel
702 1137 849 1216 faciend.
904 1138 964 1212 Er
1006 1139 1212 1212 errtrran
1241 1139 1492 1237 perdonamus,
1514 1137 1635 1210 remit-

427 1241 549 1327 timus,
566 1254 602 1313 et
620 1241 814 1314 relaxamus
830 1239 964 1314 eisdem
988 1240 1134 1340 Majori,
1154 1240 1302 1330 Ballivo,
1322 1256 1359 1312 et
1375 1238 1635 1311 Communitati

426 1342 626 1415 soluciones
669 1358 707 1413 et
746 1341 974 1414 liberaciones
1006 1364 1313 1441 quarumcumque
1347 1339 1524 1438 peciarum
1561 1339 1636 1412 auri

427 1445 544 1516 cunati
566 1440 657 1516 infra
679 1467 831 1541 regnum
855 1459 1015 1516 nostrum
1044 1443 1189 1558 Anglie,
1214 1467 1274 1514 seu
1302 1439 1396 1534 alibi,
1421 1465 1636 1542 aequorum

427 1569 580 1644 cumque
598 1568 763 1617 vasorum
781 1544 876 1643 plati,
896 1543 1096 1617 bullionum
1115 1543 1390 1632 rnassaiatarum,
1408 1558 1444 1615 et
1463 1540 1637 1643 jocalium

428 1646 502 1719 auri
521 1645 576 1718 vel
602 1645 751 1745 argenti,
769 1661 993 1743 operatorum
1020 1645 1076 1718 vel
1102 1669 1174 1717 non
1199 1659 1438 1742 operatorum,
1456 1669 1518 1741 per
1543 1643 1639 1741 ipsos

431 1745 621 1844 Majorem,
655 1746 844 1836 Ballivum,
877 1761 913 1820 et
947 1745 1264 1834 Communitatem,
1293 1762 1355 1818 aut
1388 1770 1450 1842 per
1483 1743 1638 1843 aliquam

429 1847 533 1921 aliam
550 1871 734 1945 personam
751 1872 818 1945 pro
833 1847 965 1924 eisdem
984 1847 1137 1948 Majore,
1148 1846 1296 1938 Ballivo,
1310 1861 1346 1920 et
1359 1845 1639 1930 Communitate,

431 1965 491 2020 aut
510 1947 715 2021 nominibus
739 1948 823 2037 suis,
841 1973 903 2046 per
927 1949 1081 2049 aliquem
1106 1963 1324 2036 testatorem,
1341 1973 1403 2021 seu
1429 1945 1641 2046 proaliquo

431 2065 595 2122 testatore
619 2048 815 2121 eorundem
843 2049 1006 2150 Majoris,
1033 2050 1171 2140 Ballivi,
1197 2067 1233 2122 et
1258 2049 1547 2135 Communitatis,
1565 2047 1640 2122 sive

430 2175 493 2248 per
526 2149 679 2249 aliquem
713 2149 832 2239 alium,
866 2175 928 2223 seu
953 2177 1020 2250 pro
1045 2151 1164 2251 aliquo
1198 2149 1267 2223 alio
1299 2149 1510 2223 obintestate
1536 2149 1640 2222 dece-

431 2252 549 2340 dente,
575 2249 675 2349 cujus
703 2249 1005 2325 administratores
1029 2252 1207 2326 bonorum
1231 2266 1268 2323 et
1297 2252 1503 2324 catallorum
1531 2249 1640 2324 iidem

433 2349 565 2451 Major,
593 2350 763 2438 Ballivus,
788 2367 825 2424 et
850 2351 1096 2426 Communitas
1123 2353 1286 2443 existant,
1311 2353 1415 2426 alicui
1443 2352 1640 2438 mercatori,

432 2468 492 2525 aut
519 2449 583 2524 alie
600 2476 759 2549 persone,
788 2451 844 2527 vel
869 2453 1045 2554 aliquibus
1069 2455 1227 2552 personis
1251 2453 1423 2526 extraneis
1449 2453 1550 2544 natis,
1576 2477 1638 2525 seu

433 2552 523 2627 natis
547 2569 647 2627 extra
671 2578 822 2654 regnum
848 2579 910 2628 seu
944 2555 1182 2630 obedienciam
1209 2571 1376 2648 nostram,
1404 2553 1460 2628 vel
1493 2552 1641 2653 alicujus

431 2653 699 2754 progenitorum
733 2671 947 2744 nostrorum,
992 2682 1059 2756 pro
1099 2654 1276 2756 aliquibus
1317 2652 1542 2728 mercandisis
1582 2653 1641 2728 vel

433 2755 671 2828 mercimoniis
704 2780 767 2854 per
797 2755 890 2829 viam
919 2757 1092 2836 escambii,
1126 2774 1187 2831 aut
1221 2756 1330 2844 aliter,
1360 2782 1423 2828 seu
1449 2756 1519 2828 alio
1547 2779 1641 2854 quo-

433 2881 587 2956 cumque
612 2856 721 2930 modo
737 2873 819 2931 ante
841 2857 1040 2955 predictum
1058 2858 1154 2932 diem
1173 2858 1305 2931 solutas
1329 2858 1403 2930 sive
1419 2856 1639 2943 deliberatas,

433 2973 557 3032 contra
577 2955 729 3032 formam
754 2957 940 3059 cujusdam
965 2975 1065 3032 actus
1090 2961 1125 3032 in
1152 2958 1382 3058 parliamento
1406 2959 1501 3056 apud
1519 2957 1643 3030 West-

435 3060 687 3132 monasterium
724 3085 818 3133 anno
859 3061 958 3160 regni
993 3061 1223 3160 precarissimi
1266 3059 1374 3158 patris
1417 3059 1527 3133 nostri
1571 3057 1639 3131 .H.

432 3159 577 3257 Septimi
612 3175 742 3261 quarto
770 3160 870 3249 editi,
900 3178 960 3235 aut
987 3179 1108 3236 contra
1134 3161 1284 3236 formam
1318 3161 1466 3261 alicujus
1497 3157 1641 3233 alterius

430 3261 554 3334 statuti
589 3277 689 3335 actus
718 3261 791 3334 sive
820 3262 1055 3336 ordinacionis
1085 3263 1166 3338 inde
1195 3278 1276 3335 ante
1313 3263 1512 3360 predictum
1547 3261 1642 3333 vice-

433 3363 562 3435 simum
593 3362 742 3437 tercium
770 3361 866 3436 diem
895 3363 981 3436 editi
1010 3364 1083 3438 sive
1113 3364 1269 3463 provisi:
1309 3387 1348 3436 ac
1381 3387 1504 3436 omnes
1536 3359 1643 3434 foris-

433 3461 586 3536 facturas
602 3479 637 3536 et
654 3462 883 3561 pecuniarum
899 3488 1054 3538 summas
1075 3465 1187 3556 nobis,
1206 3466 1262 3538 vel
1282 3463 1384 3538 alicui
1402 3463 1642 3564 progenitori-

433 3564 500 3636 bus
519 3565 658 3652 nostris,
684 3589 723 3636 ea
745 3565 924 3638 occasione
949 3566 1163 3663 pertinentes
1183 3564 1318 3640 debitas
1337 3566 1410 3639 sive
1433 3579 1639 3662 spectantes.

433 3667 620 3737 Acrcrnm
656 3662 905 3762 perdonamus,
946 3667 1159 3742 remittimus
1201 3683 1236 3740 et
1278 3666 1472 3740 relaxamus
1514 3665 1640 3739 iisdem

434 3764 579 3864 Majori,
614 3764 763 3854 Ballivo,
795 3782 832 3839 et
865 3768 1121 3842 Communitati
1154 3768 1375 3842 omnimodas
1400 3768 1641 3855 alienaciones,

432 3865 654 3956 donaciones,
689 3882 725 3940 et
748 3868 1022 3968 perquisiciones
1054 3871 1098 3944 ad
1137 3894 1283 3943 manum
1321 3885 1498 3944 mortuam
1533 3867 1641 3942 factas

433 3981 589 4066 receptas
623 3967 696 4040 sive
724 3966 869 4058 habitas,
888 3969 961 4044 sive
990 3971 1034 4044 ad
1061 3972 1215 4070 aliquem
1246 3995 1383 4062 eorum,
1410 3971 1466 4043 vel
1492 3968 1641 4070 alicujus

432 4066 717 4166 predecessorum
740 4095 886 4144 suorum
903 4087 939 4144 et
966 4097 1206 4146 successorum
1228 4095 1385 4164 suorum,
1404 4095 1510 4144 usum
1533 4068 1641 4144 factas

432 4188 467 4243 et
510 4167 646 4242 habitas
694 4171 826 4272 absque
875 4172 1020 4246 licencia
1070 4174 1190 4272 regia3
1230 4197 1366 4246 necnon
1417 4173 1640 4246 omnimodas

432 4273 643 4344 intrusiones
685 4288 721 4344 et
764 4273 940 4372 ingressus
982 4274 1018 4346 in
1069 4273 1273 4372 temporalia
1306 4273 1639 4373 Archiepiscopatus
