3748 5266
821 422 998 500 DOVER
1025 423 1300 502 CHARTERS

897 722 1231 804 LXXXVII.

805 899 866 981 xiii
887 900 1061 981 januarii,
1082 915 1121 968 21
1146 901 1245 968 Edw.
1270 901 1329 968 tv.

458 1060 604 1133 Scmur
631 1074 810 1158 presentes
833 1073 870 1130 et
895 1056 1011 1131 futuri
1029 1057 1127 1157 quod
1147 1083 1228 1158 ego,
1247 1057 1427 1132 Robertus
1452 1059 1606 1148 Cavelle,
1624 1063 1670 1134 de

459 1159 658 1250 Cantuaria,
676 1159 759 1234 dedi
777 1159 930 1233 concessi
947 1175 983 1232 et
1000 1159 1064 1232 hac
1088 1161 1242 1258 presenti
1258 1175 1353 1234 carta
1370 1184 1447 1232 mea
1463 1161 1668 1234 confirmavi

457 1261 600 1336 Thome
619 1259 742 1334 Medle
765 1285 876 1334 unum
903 1260 1122 1361 mesuagium
1146 1285 1228 1334 cum
1250 1260 1416 1359 porcione
1436 1275 1530 1334 terre
1553 1260 1668 1335 eidem

458 1362 639 1465 mesuagio
652 1387 786 1436 annexa
802 1387 884 1434 cum
898 1361 970 1436 suis
988 1361 1225 1460 pertinenciis,
1243 1361 1432 1436 scituatum
1446 1364 1540 1461 apud
1554 1361 1669 1436 fforde

457 1464 495 1536 in
521 1463 685 1562 parochia
709 1463 754 1537 de
784 1461 1007 1549 ffolkestone,
1026 1479 1062 1536 et
1088 1463 1124 1534 in
1150 1478 1275 1538 tenura
1300 1462 1409 1536 Curie
1434 1463 1479 1537 de
1501 1463 1668 1537 Waltone

456 1565 550 1640 inter
580 1565 726 1664 Regiam
761 1581 905 1638 stratam
935 1561 1066 1636 ibidem
1097 1589 1219 1638 versus
1245 1565 1382 1651 southe,
1412 1563 1504 1636 inter
1537 1579 1667 1638 terram

457 1666 608 1740 Simonis
626 1667 793 1739 Molener
817 1690 938 1740 versus
954 1680 1052 1754 west,
1069 1665 1162 1738 inter
1186 1681 1316 1738 terram
1333 1664 1499 1738 Edwardi
1519 1665 1668 1764 Pergate

456 1793 578 1842 versus
603 1767 722 1854 north,
739 1782 775 1840 et
799 1765 892 1840 inter
919 1783 1048 1838 terram
1075 1791 1187 1865 nuper
1210 1765 1320 1859 Jolsis
1345 1765 1515 1864 Bydeawe
1543 1791 1669 1840 versus

456 1886 529 1943 east
546 1898 553 1942 :
574 1866 724 1942 habend’
741 1882 777 1940 et
793 1867 937 1941 tenend'
955 1867 1151 1964 predictum
1169 1867 1390 1966 mesuagium
1403 1891 1485 1940 cum
1498 1867 1667 1965 porcione

455 1987 548 2043 terre
576 1969 691 2042 eidem
718 1969 897 2067 mesuagio
925 1993 1060 2041 annexa
1085 1992 1167 2041 cum
1189 1968 1263 2041 suis
1288 1967 1512 2066 pertinenciis
1528 1966 1667 2064 prefato

455 2071 598 2144 Thome
616 2069 740 2142 Medle
758 2067 946 2143 heredibus
972 2085 1007 2142 et
1027 2068 1210 2167 assignatis
1235 2069 1307 2141 suis
1331 2067 1593 2166 imperpetuum
1619 2070 1665 2143 de

454 2171 660 2269 capitalibus
677 2169 832 2244 dominis
849 2168 944 2243 feodi
963 2168 1057 2243 illius
1082 2194 1146 2266 pcr
1161 2169 1305 2244 servicia
1328 2168 1410 2243 inde
1427 2169 1477 2243 eis
1493 2167 1613 2242 debita
1629 2187 1665 2244 et

454 2272 500 2346 de
528 2272 610 2373 jure
643 2287 836 2344 consueta:
880 2286 917 2343 et
946 2294 1014 2371 ego
1044 2271 1222 2368 predictus
1252 2269 1428 2344 Robertus
1461 2269 1601 2344 Cavelle
1630 2289 1666 2344 et

454 2373 598 2447 heredes
615 2372 684 2446 mei
702 2371 901 2471 predictum
919 2370 1138 2470 mesuagium
1154 2396 1235 2445 curn
1253 2371 1421 2470 porcione
1440 2387 1533 2444 terre
1547 2370 1664 2446 eidem

454 2501 553 2548 mesu
598 2473 634 2548 io
650 2499 783 2546 annexa
799 2498 880 2546 cum
896 2473 968 2547 suis
985 2471 1208 2572 pertinenciis
1221 2471 1360 2571 prefato
1375 2472 1519 2545 Thome
1538 2473 1663 2546 Medle

453 2499 639 2663 heredibus
661 2591 706 2647 et
722 2574 904 2673 assignatis
928 2573 1002 2647 suis
1026 2589 1150 2646 contra
1169 2598 1292 2646 omnes
1316 2589 1441 2673 gentes
1459 2573 1665 2646 warantiza-

453 2677 569 2750 bimus
586 2675 847 2792 imperpetuum
865 2699 928 2773 per
944 2691 1131 2774 presentes.

532 2779 574 2852 ln
592 2802 692 2877 cujus
708 2777 757 2849 rei
774 2775 1018 2850 testimonium
1036 2775 1117 2848 huic
1134 2775 1287 2874 presenti
1305 2789 1397 2848 carte
1414 2799 1490 2846 mee
1506 2773 1662 2874 sigillum

453 2905 571 2954 meum
584 2878 742 2977 apposui.

528 2983 621 3054 Data
662 2979 756 3078 apud
795 2975 1009 3052 ffolkcstone
1046 2977 1240 3076 predictam
1279 2976 1389 3050 tercio
1426 2975 1566 3050 decimo
1603 2975 1661 3048 die

450 3083 607 3178 Januarii
625 3105 718 3156 anno
741 3079 840 3178 regni
859 3079 966 3177 Regis
982 3078 1160 3169 Edwardi,
1178 3077 1294 3178 quarti
1322 3095 1402 3176 post
1427 3091 1660 3174 conquestum

452 3183 595 3284 Anglie,
613 3181 781 3256 vicesimo
798 3178 924 3278 primo.
1149 3177 1152 3185 “

529 3284 615 3358 Hiis
632 3280 779 3356 testibus
797 3309 805 3352 t
831 3277 966 3375 Jacobo
984 3277 1125 3366 Herte;
1150 3280 1311 3373 Johanne
1328 3280 1443 3352 Baiter
1460 3302 1471 3364 ;
1499 3277 1661 3371 Johanne

453 3383 632 3484 Nycolle;
657 3382 819 3478 Johanne
832 3379 1047 3467 Goldwort;
1072 3380 1216 3454 Simone
1235 3381 1429 3468 Molener3
1455 3393 1492 3452 et
1504 3377 1591 3450 aliis.
