<?xml version="1.0" encoding="UTF-8"?>
<!DOCTYPE html PUBLIC "-//W3C//DTD XHTML 1.0 Transitional//EN"
    "http://www.w3.org/TR/xhtml1/DTD/xhtml1-transitional.dtd">
<html xmlns="http://www.w3.org/1999/xhtml" xml:lang="en" lang="en">
 <head>
  <title>
</title>
<meta http-equiv="Content-Type" content="text/html;charset=utf-8" />
  <meta name='ocr-system' content='tesseract 3.04.00' />
  <meta name='ocr-capabilities' content='ocr_page ocr_carea ocr_par ocr_line ocrx_word'/>
</head>
<body>
  <div class='ocr_page' id='page_1' title='image "./doverchartersan00statgoog_0227.png"; bbox 0 0 3748 5266; ppageno 0'>
   <div class='ocr_carea' id='block_1_1' title="bbox 459 473 1303 554">
    <p class='ocr_par' dir='ltr' id='par_1_1' title="bbox 459 473 1303 554">
     <span class='ocr_line' id='line_1_1' title="bbox 459 473 1303 554; baseline -0.007 -1"><span class='ocrx_word' id='word_1_1' title='bbox 459 481 526 554; x_wconf 84' lang='lat'>186</span> <span class='ocrx_word' id='word_1_2' title='bbox 814 474 996 550; x_wconf 89' lang='lat' dir='ltr'>DOVER</span> <span class='ocrx_word' id='word_1_3' title='bbox 1022 473 1303 549; x_wconf 87' lang='lat' dir='ltr'>CHARTERS</span> 
     </span>
    </p>
   </div>
   <div class='ocr_carea' id='block_1_2' title="bbox 442 674 1663 4416">
    <p class='ocr_par' dir='ltr' id='par_1_2' title="bbox 442 674 1663 4416">
     <span class='ocr_line' id='line_1_2' title="bbox 452 674 1662 776; baseline -0.002 -26"><span class='ocrx_word' id='word_1_4' title='bbox 452 679 683 774; x_wconf 80' lang='lat' dir='ltr'>imposterum</span> <span class='ocrx_word' id='word_1_5' title='bbox 725 675 886 764; x_wconf 89' lang='lat' dir='ltr'>habend’,</span> <span class='ocrx_word' id='word_1_6' title='bbox 928 675 1083 776; x_wconf 91' lang='lat' dir='ltr'>exceptis</span> <span class='ocrx_word' id='word_1_7' title='bbox 1128 675 1356 773; x_wconf 89' lang='lat' dir='ltr'>preexceptis,</span> <span class='ocrx_word' id='word_1_8' title='bbox 1399 674 1662 774; x_wconf 84' lang='lat' dir='ltr'>imperpetuum</span> 
     </span>
     <span class='ocr_line' id='line_1_3' title="bbox 452 775 1663 878; baseline -0.004 -26"><span class='ocrx_word' id='word_1_9' title='bbox 452 779 522 852; x_wconf 93' lang='lat' dir='ltr'>sint</span> <span class='ocrx_word' id='word_1_10' title='bbox 552 777 681 852; x_wconf 83' lang='lat' dir='ltr'>exclusi</span> <span class='ocrx_word' id='word_1_11' title='bbox 711 803 775 876; x_wconf 88' lang='lat' dir='ltr'>per</span> <span class='ocrx_word' id='word_1_12' title='bbox 804 793 991 876; x_wconf 79' lang='lat' dir='ltr'>presentes,</span> <span class='ocrx_word' id='word_1_13' title='bbox 1018 777 1167 876; x_wconf 90' lang='lat' dir='ltr'>predicti</span> <span class='ocrx_word' id='word_1_14' title='bbox 1204 777 1327 878; x_wconf 89' lang='lat' dir='ltr'>Major</span> <span class='ocrx_word' id='word_1_15' title='bbox 1353 791 1389 850; x_wconf 87' lang='lat' dir='ltr'>et</span> <span class='ocrx_word' id='word_1_16' title='bbox 1415 775 1663 850; x_wconf 90' lang='lat' dir='ltr'>Communitas</span> 
     </span>
     <span class='ocr_line' id='line_1_4' title="bbox 451 876 1661 978; baseline -0.003 -25"><span class='ocrx_word' id='word_1_17' title='bbox 451 879 545 953; x_wconf 91' lang='lat' dir='ltr'>dicte</span> <span class='ocrx_word' id='word_1_18' title='bbox 569 877 654 952; x_wconf 87' lang='lat' dir='ltr'>ville</span> <span class='ocrx_word' id='word_1_19' title='bbox 673 880 719 954; x_wconf 92' lang='lat' dir='ltr'>de</span> <span class='ocrx_word' id='word_1_20' title='bbox 745 878 964 966; x_wconf 84' lang='lat' dir='ltr'>ffaversham,</span> <span class='ocrx_word' id='word_1_21' title='bbox 989 903 1055 978; x_wconf 90' lang='lat' dir='ltr'>pro</span> <span class='ocrx_word' id='word_1_22' title='bbox 1078 904 1115 951; x_wconf 91' lang='lat' dir='ltr'>se</span> <span class='ocrx_word' id='word_1_23' title='bbox 1139 893 1175 952; x_wconf 96' lang='lat' dir='ltr'>et</span> <span class='ocrx_word' id='word_1_24' title='bbox 1200 876 1457 952; x_wconf 87' lang='lat' dir='ltr'>successoribus</span> <span class='ocrx_word' id='word_1_25' title='bbox 1475 879 1558 966; x_wconf 89' lang='lat' dir='ltr'>suis,</span> <span class='ocrx_word' id='word_1_26' title='bbox 1576 902 1661 950; x_wconf 90' lang='lat' dir='ltr'>con-</span> 
     </span>
     <span class='ocr_line' id='line_1_5' title="bbox 451 977 1660 1080; baseline -0.002 -26"><span class='ocrx_word' id='word_1_27' title='bbox 451 997 628 1054; x_wconf 88' lang='lat' dir='ltr'>cesserunt</span> <span class='ocrx_word' id='word_1_28' title='bbox 645 1005 707 1080; x_wconf 89' lang='lat' dir='ltr'>per</span> <span class='ocrx_word' id='word_1_29' title='bbox 724 997 900 1078; x_wconf 87' lang='lat' dir='ltr'>presentes</span> <span class='ocrx_word' id='word_1_30' title='bbox 915 981 1014 1080; x_wconf 93' lang='lat' dir='ltr'>quod</span> <span class='ocrx_word' id='word_1_31' title='bbox 1032 981 1096 1077; x_wconf 90' lang='lat' dir='ltr'>ipsi</span> <span class='ocrx_word' id='word_1_32' title='bbox 1112 980 1260 1054; x_wconf 86' lang='lat' dir='ltr'>reddent</span> <span class='ocrx_word' id='word_1_33' title='bbox 1276 993 1313 1052; x_wconf 92' lang='lat' dir='ltr'>et</span> <span class='ocrx_word' id='word_1_34' title='bbox 1329 979 1468 1054; x_wconf 91' lang='lat' dir='ltr'>solvent</span> <span class='ocrx_word' id='word_1_35' title='bbox 1485 979 1522 1051; x_wconf 90' lang='lat' dir='ltr'>in</span> <span class='ocrx_word' id='word_1_36' title='bbox 1536 977 1660 1052; x_wconf 88' lang='lat' dir='ltr'>futuro</span> 
     </span>
     <span class='ocr_line' id='line_1_6' title="bbox 450 1079 1661 1182; baseline 0 -28"><span class='ocrx_word' id='word_1_37' title='bbox 450 1081 600 1181; x_wconf 88' lang='lat' dir='ltr'>singulis</span> <span class='ocrx_word' id='word_1_38' title='bbox 615 1081 715 1155; x_wconf 88' lang='lat' dir='ltr'>annis</span> <span class='ocrx_word' id='word_1_39' title='bbox 731 1081 901 1180; x_wconf 86' lang='lat' dir='ltr'>predictis</span> <span class='ocrx_word' id='word_1_40' title='bbox 918 1081 1051 1182; x_wconf 89' lang='lat' dir='ltr'>Majori</span> <span class='ocrx_word' id='word_1_41' title='bbox 1077 1096 1112 1153; x_wconf 92' lang='lat' dir='ltr'>et</span> <span class='ocrx_word' id='word_1_42' title='bbox 1130 1080 1387 1155; x_wconf 87' lang='lat' dir='ltr'>Communitati</span> <span class='ocrx_word' id='word_1_43' title='bbox 1406 1081 1562 1179; x_wconf 89' lang='lat' dir='ltr'>predicte</span> <span class='ocrx_word' id='word_1_44' title='bbox 1579 1079 1661 1154; x_wconf 91' lang='lat' dir='ltr'>ville</span> 
     </span>
     <span class='ocr_line' id='line_1_7' title="bbox 451 1180 1659 1257; baseline -0.002 -2"><span class='ocrx_word' id='word_1_45' title='bbox 451 1183 616 1256; x_wconf 88' lang='lat' dir='ltr'>Dovorre</span> <span class='ocrx_word' id='word_1_46' title='bbox 632 1209 672 1257; x_wconf 92' lang='lat' dir='ltr'>ac</span> <span class='ocrx_word' id='word_1_47' title='bbox 683 1207 805 1256; x_wconf 90' lang='lat' dir='ltr'>eorum</span> <span class='ocrx_word' id='word_1_48' title='bbox 822 1181 1008 1256; x_wconf 90' lang='lat' dir='ltr'>heredibus</span> <span class='ocrx_word' id='word_1_49' title='bbox 1024 1199 1060 1257; x_wconf 94' lang='lat' dir='ltr'>et</span> <span class='ocrx_word' id='word_1_50' title='bbox 1077 1180 1331 1255; x_wconf 83' lang='lat' dir='ltr'>successoribus</span> <span class='ocrx_word' id='word_1_51' title='bbox 1348 1207 1458 1255; x_wconf 92' lang='lat' dir='ltr'>unum</span> <span class='ocrx_word' id='word_1_52' title='bbox 1475 1181 1659 1254; x_wconf 79' lang='lat' dir='ltr'>annualem</span> 
     </span>
     <span class='ocr_line' id='line_1_8' title="bbox 451 1283 1660 1384; baseline -0.002 -28"><span class='ocrx_word' id='word_1_53' title='bbox 451 1284 630 1358; x_wconf 90' lang='lat' dir='ltr'>redditum</span> <span class='ocrx_word' id='word_1_54' title='bbox 672 1283 904 1384; x_wconf 87' lang='lat' dir='ltr'>quadraginta</span> <span class='ocrx_word' id='word_1_55' title='bbox 948 1283 1143 1358; x_wconf 91' lang='lat' dir='ltr'>solidorum</span> <span class='ocrx_word' id='word_1_56' title='bbox 1186 1283 1436 1382; x_wconf 84' lang='lat' dir='ltr'>sterlingorum</span> <span class='ocrx_word' id='word_1_57' title='bbox 1480 1284 1515 1354; x_wconf 93' lang='lat' dir='ltr'>in</span> <span class='ocrx_word' id='word_1_58' title='bbox 1553 1283 1660 1356; x_wconf 87' lang='lat' dir='ltr'>Festo</span> 
     </span>
     <span class='ocr_line' id='line_1_9' title="bbox 450 1383 1659 1486; baseline -0.002 -28"><span class='ocrx_word' id='word_1_59' title='bbox 450 1387 719 1482; x_wconf 91' lang='lat' dir='ltr'>Assumpcionis</span> <span class='ocrx_word' id='word_1_60' title='bbox 744 1385 842 1459; x_wconf 87' lang='lat' dir='ltr'>beate</span> <span class='ocrx_word' id='word_1_61' title='bbox 873 1386 992 1457; x_wconf 87' lang='lat' dir='ltr'>Marie</span> <span class='ocrx_word' id='word_1_62' title='bbox 1017 1385 1177 1486; x_wconf 86' lang='lat' dir='ltr'>Virginis</span> <span class='ocrx_word' id='word_1_63' title='bbox 1199 1384 1293 1484; x_wconf 88' lang='lat' dir='ltr'>apud</span> <span class='ocrx_word' id='word_1_64' title='bbox 1320 1384 1513 1482; x_wconf 86' lang='lat' dir='ltr'>predictam</span> <span class='ocrx_word' id='word_1_65' title='bbox 1540 1383 1659 1458; x_wconf 86' lang='lat' dir='ltr'>villam</span> 
     </span>
     <span class='ocr_line' id='line_1_10' title="bbox 449 1483 1659 1584; baseline -0.002 -24"><span class='ocrx_word' id='word_1_66' title='bbox 449 1487 494 1560; x_wconf 89' lang='lat' dir='ltr'>de</span> <span class='ocrx_word' id='word_1_67' title='bbox 529 1485 737 1559; x_wconf 87' lang='lat' dir='ltr'>ffaversham</span> <span class='ocrx_word' id='word_1_68' title='bbox 786 1488 968 1560; x_wconf 92' lang='lat' dir='ltr'>annuatim</span> <span class='ocrx_word' id='word_1_69' title='bbox 1010 1485 1218 1559; x_wconf 89' lang='lat' dir='ltr'>solvendum</span> <span class='ocrx_word' id='word_1_70' title='bbox 1269 1485 1556 1584; x_wconf 89' lang='lat' dir='ltr'>imperpetuum:</span> <span class='ocrx_word' id='word_1_71' title='bbox 1609 1483 1659 1556; x_wconf 92' lang='lat' dir='ltr'>Et</span> 
     </span>
     <span class='ocr_line' id='line_1_11' title="bbox 450 1585 1659 1688; baseline -0.002 -28"><span class='ocrx_word' id='word_1_72' title='bbox 450 1587 597 1685; x_wconf 91' lang='lat' dir='ltr'>predicti</span> <span class='ocrx_word' id='word_1_73' title='bbox 618 1588 739 1688; x_wconf 90' lang='lat' dir='ltr'>Major</span> <span class='ocrx_word' id='word_1_74' title='bbox 758 1603 795 1660; x_wconf 87' lang='lat' dir='ltr'>et</span> <span class='ocrx_word' id='word_1_75' title='bbox 814 1587 1062 1662; x_wconf 90' lang='lat' dir='ltr'>Communitas</span> <span class='ocrx_word' id='word_1_76' title='bbox 1079 1587 1173 1660; x_wconf 90' lang='lat' dir='ltr'>dicte</span> <span class='ocrx_word' id='word_1_77' title='bbox 1200 1585 1282 1660; x_wconf 90' lang='lat' dir='ltr'>ville</span> <span class='ocrx_word' id='word_1_78' title='bbox 1298 1586 1343 1659; x_wconf 89' lang='lat' dir='ltr'>de</span> <span class='ocrx_word' id='word_1_79' title='bbox 1366 1585 1576 1660; x_wconf 86' lang='lat' dir='ltr'>ffaversham</span> <span class='ocrx_word' id='word_1_80' title='bbox 1593 1610 1659 1684; x_wconf 92' lang='lat' dir='ltr'>pro</span> 
     </span>
     <span class='ocr_line' id='line_1_12' title="bbox 449 1687 1658 1786; baseline -0.002 -25"><span class='ocrx_word' id='word_1_81' title='bbox 449 1713 484 1761; x_wconf 90' lang='lat' dir='ltr'>se</span> <span class='ocrx_word' id='word_1_82' title='bbox 504 1687 692 1762; x_wconf 86' lang='lat' dir='ltr'>heredibus</span> <span class='ocrx_word' id='word_1_83' title='bbox 711 1705 747 1760; x_wconf 89' lang='lat' dir='ltr'>et</span> <span class='ocrx_word' id='word_1_84' title='bbox 769 1688 1026 1762; x_wconf 88' lang='lat' dir='ltr'>successoribus</span> <span class='ocrx_word' id='word_1_85' title='bbox 1042 1687 1114 1760; x_wconf 94' lang='lat' dir='ltr'>suis</span> <span class='ocrx_word' id='word_1_86' title='bbox 1134 1713 1195 1786; x_wconf 91' lang='lat' dir='ltr'>per</span> <span class='ocrx_word' id='word_1_87' title='bbox 1216 1704 1393 1784; x_wconf 90' lang='lat' dir='ltr'>presentes</span> <span class='ocrx_word' id='word_1_88' title='bbox 1413 1704 1658 1760; x_wconf 89' lang='lat' dir='ltr'>concesserunt</span> 
     </span>
     <span class='ocr_line' id='line_1_13' title="bbox 449 1787 1658 1890; baseline -0.001 -28"><span class='ocrx_word' id='word_1_89' title='bbox 449 1789 554 1863; x_wconf 93' lang='lat' dir='ltr'>dictis</span> <span class='ocrx_word' id='word_1_90' title='bbox 580 1789 712 1890; x_wconf 89' lang='lat' dir='ltr'>Majori</span> <span class='ocrx_word' id='word_1_91' title='bbox 738 1805 773 1862; x_wconf 91' lang='lat' dir='ltr'>et</span> <span class='ocrx_word' id='word_1_92' title='bbox 792 1789 1050 1862; x_wconf 90' lang='lat' dir='ltr'>Communitati</span> <span class='ocrx_word' id='word_1_93' title='bbox 1068 1788 1161 1862; x_wconf 89' lang='lat' dir='ltr'>dicte</span> <span class='ocrx_word' id='word_1_94' title='bbox 1187 1788 1269 1860; x_wconf 90' lang='lat' dir='ltr'>ville</span> <span class='ocrx_word' id='word_1_95' title='bbox 1287 1788 1455 1864; x_wconf 87' lang='lat' dir='ltr'>Dovorre</span> <span class='ocrx_word' id='word_1_96' title='bbox 1471 1787 1658 1862; x_wconf 89' lang='lat' dir='ltr'>heredibus</span> 
     </span>
     <span class='ocr_line' id='line_1_14' title="bbox 448 1889 1657 1990; baseline 0 -28"><span class='ocrx_word' id='word_1_97' title='bbox 448 1907 484 1962; x_wconf 90' lang='lat' dir='ltr'>et</span> <span class='ocrx_word' id='word_1_98' title='bbox 513 1889 768 1962; x_wconf 89' lang='lat' dir='ltr'>sucoessoribus</span> <span class='ocrx_word' id='word_1_99' title='bbox 804 1890 877 1962; x_wconf 90' lang='lat' dir='ltr'>suis</span> <span class='ocrx_word' id='word_1_100' title='bbox 909 1889 1008 1988; x_wconf 95' lang='lat' dir='ltr'>quod</span> <span class='ocrx_word' id='word_1_101' title='bbox 1046 1891 1214 1988; x_wconf 89' lang='lat' dir='ltr'>quociens</span> <span class='ocrx_word' id='word_1_102' title='bbox 1243 1889 1424 1990; x_wconf 90' lang='lat' dir='ltr'>continget</span> <span class='ocrx_word' id='word_1_103' title='bbox 1458 1891 1657 1989; x_wconf 85' lang='lat' dir='ltr'>predictum</span> 
     </span>
     <span class='ocr_line' id='line_1_15' title="bbox 448 1989 1657 2088; baseline -0.001 -24"><span class='ocrx_word' id='word_1_104' title='bbox 448 1989 631 2064; x_wconf 78' lang='lat' dir='ltr'>annualem</span> <span class='ocrx_word' id='word_1_105' title='bbox 658 1991 839 2064; x_wconf 87' lang='lat' dir='ltr'>redditum</span> <span class='ocrx_word' id='word_1_106' title='bbox 881 1990 1115 2088; x_wconf 88' lang='lat' dir='ltr'>quadraginta</span> <span class='ocrx_word' id='word_1_107' title='bbox 1147 1990 1344 2063; x_wconf 93' lang='lat' dir='ltr'>solidorum</span> <span class='ocrx_word' id='word_1_108' title='bbox 1387 1993 1480 2066; x_wconf 90' lang='lat' dir='ltr'>ultra</span> <span class='ocrx_word' id='word_1_109' title='bbox 1520 1991 1657 2066; x_wconf 90' lang='lat' dir='ltr'>dictum</span> 
     </span>
     <span class='ocr_line' id='line_1_16' title="bbox 447 2089 1656 2192; baseline -0.001 -28"><span class='ocrx_word' id='word_1_110' title='bbox 447 2091 579 2165; x_wconf 88' lang='lat' dir='ltr'>festum</span> <span class='ocrx_word' id='word_1_111' title='bbox 592 2115 655 2190; x_wconf 88' lang='lat' dir='ltr'>per</span> <span class='ocrx_word' id='word_1_112' title='bbox 671 2108 824 2192; x_wconf 90' lang='lat' dir='ltr'>quatuor</span> <span class='ocrx_word' id='word_1_113' title='bbox 840 2090 916 2164; x_wconf 93' lang='lat' dir='ltr'>dies</span> <span class='ocrx_word' id='word_1_114' title='bbox 940 2107 1055 2164; x_wconf 90' lang='lat' dir='ltr'>aretro</span> <span class='ocrx_word' id='word_1_115' title='bbox 1072 2089 1159 2182; x_wconf 88' lang='lat' dir='ltr'>fore,</span> <span class='ocrx_word' id='word_1_116' title='bbox 1178 2092 1214 2163; x_wconf 94' lang='lat' dir='ltr'>in</span> <span class='ocrx_word' id='word_1_117' title='bbox 1232 2107 1331 2190; x_wconf 87' lang='lat' dir='ltr'>parte</span> <span class='ocrx_word' id='word_1_118' title='bbox 1348 2093 1404 2164; x_wconf 90' lang='lat' dir='ltr'>vel</span> <span class='ocrx_word' id='word_1_119' title='bbox 1422 2091 1458 2164; x_wconf 92' lang='lat' dir='ltr'>in</span> <span class='ocrx_word' id='word_1_120' title='bbox 1476 2109 1567 2182; x_wconf 90' lang='lat' dir='ltr'>toto,</span> <span class='ocrx_word' id='word_1_121' title='bbox 1586 2116 1656 2164; x_wconf 92' lang='lat' dir='ltr'>non</span> 
     </span>
     <span class='ocr_line' id='line_1_17' title="bbox 446 2191 1655 2292; baseline 0 -28"><span class='ocrx_word' id='word_1_122' title='bbox 446 2194 615 2279; x_wconf 89' lang='lat' dir='ltr'>solutum,</span> <span class='ocrx_word' id='word_1_123' title='bbox 649 2193 749 2292; x_wconf 91' lang='lat' dir='ltr'>quod</span> <span class='ocrx_word' id='word_1_124' title='bbox 791 2207 921 2264; x_wconf 84' lang='lat' dir='ltr'>extunc</span> <span class='ocrx_word' id='word_1_125' title='bbox 951 2193 1086 2268; x_wconf 90' lang='lat' dir='ltr'>tociens</span> <span class='ocrx_word' id='word_1_126' title='bbox 1119 2192 1206 2265; x_wconf 90' lang='lat' dir='ltr'>bene</span> <span class='ocrx_word' id='word_1_127' title='bbox 1247 2193 1348 2266; x_wconf 86' lang='lat' dir='ltr'>liceat</span> <span class='ocrx_word' id='word_1_128' title='bbox 1380 2191 1486 2266; x_wconf 88' lang='lat' dir='ltr'>dictis</span> <span class='ocrx_word' id='word_1_129' title='bbox 1521 2191 1655 2292; x_wconf 90' lang='lat' dir='ltr'>Majori</span> 
     </span>
     <span class='ocr_line' id='line_1_18' title="bbox 446 2291 1656 2368; baseline -0.003 0"><span class='ocrx_word' id='word_1_130' title='bbox 446 2311 482 2368; x_wconf 89' lang='lat' dir='ltr'>et</span> <span class='ocrx_word' id='word_1_131' title='bbox 501 2293 759 2367; x_wconf 89' lang='lat' dir='ltr'>Communitati</span> <span class='ocrx_word' id='word_1_132' title='bbox 771 2293 864 2366; x_wconf 90' lang='lat' dir='ltr'>dicte</span> <span class='ocrx_word' id='word_1_133' title='bbox 880 2291 964 2366; x_wconf 91' lang='lat' dir='ltr'>ville</span> <span class='ocrx_word' id='word_1_134' title='bbox 975 2295 1140 2366; x_wconf 90' lang='lat' dir='ltr'>Dovorre</span> <span class='ocrx_word' id='word_1_135' title='bbox 1156 2291 1342 2367; x_wconf 89' lang='lat' dir='ltr'>heredibus</span> <span class='ocrx_word' id='word_1_136' title='bbox 1354 2309 1391 2366; x_wconf 93' lang='lat' dir='ltr'>et</span> <span class='ocrx_word' id='word_1_137' title='bbox 1402 2291 1656 2366; x_wconf 84' lang='lat' dir='ltr'>successoribus</span> 
     </span>
     <span class='ocr_line' id='line_1_19' title="bbox 446 2393 1656 2494; baseline -0.002 -26"><span class='ocrx_word' id='word_1_138' title='bbox 446 2395 517 2469; x_wconf 89' lang='lat' dir='ltr'>suis</span> <span class='ocrx_word' id='word_1_139' title='bbox 549 2394 665 2468; x_wconf 91' lang='lat' dir='ltr'>dictos</span> <span class='ocrx_word' id='word_1_140' title='bbox 699 2395 880 2494; x_wconf 90' lang='lat' dir='ltr'>Majorem</span> <span class='ocrx_word' id='word_1_141' title='bbox 913 2409 949 2468; x_wconf 89' lang='lat' dir='ltr'>et</span> <span class='ocrx_word' id='word_1_142' title='bbox 975 2393 1277 2468; x_wconf 90' lang='lat' dir='ltr'>Communitatem</span> <span class='ocrx_word' id='word_1_143' title='bbox 1308 2393 1464 2492; x_wconf 89' lang='lat' dir='ltr'>predicte</span> <span class='ocrx_word' id='word_1_144' title='bbox 1497 2394 1581 2469; x_wconf 85' lang='lat' dir='ltr'>ville</span> <span class='ocrx_word' id='word_1_145' title='bbox 1611 2393 1656 2466; x_wconf 88' lang='lat' dir='ltr'>de</span> 
     </span>
     <span class='ocr_line' id='line_1_20' title="bbox 447 2495 1656 2594; baseline -0.002 -24"><span class='ocrx_word' id='word_1_146' title='bbox 447 2495 655 2570; x_wconf 85' lang='lat' dir='ltr'>ffaversham</span> <span class='ocrx_word' id='word_1_147' title='bbox 689 2495 834 2568; x_wconf 90' lang='lat' dir='ltr'>heredes</span> <span class='ocrx_word' id='word_1_148' title='bbox 866 2511 902 2568; x_wconf 93' lang='lat' dir='ltr'>et</span> <span class='ocrx_word' id='word_1_149' title='bbox 935 2520 1146 2568; x_wconf 89' lang='lat' dir='ltr'>successores</span> <span class='ocrx_word' id='word_1_150' title='bbox 1178 2519 1259 2568; x_wconf 91' lang='lat' dir='ltr'>suos</span> <span class='ocrx_word' id='word_1_151' title='bbox 1292 2495 1552 2594; x_wconf 89' lang='lat' dir='ltr'>imperpetuum</span> <span class='ocrx_word' id='word_1_152' title='bbox 1594 2519 1656 2594; x_wconf 91' lang='lat' dir='ltr'>per</span> 
     </span>
     <span class='ocr_line' id='line_1_21' title="bbox 446 2595 1655 2697; baseline -0.002 -26"><span class='ocrx_word' id='word_1_153' title='bbox 446 2597 564 2671; x_wconf 88' lang='lat' dir='ltr'>omnia</span> <span class='ocrx_word' id='word_1_154' title='bbox 582 2595 674 2670; x_wconf 91' lang='lat' dir='ltr'>bona</span> <span class='ocrx_word' id='word_1_155' title='bbox 689 2615 725 2671; x_wconf 91' lang='lat' dir='ltr'>et</span> <span class='ocrx_word' id='word_1_156' title='bbox 750 2595 874 2670; x_wconf 88' lang='lat' dir='ltr'>catalla</span> <span class='ocrx_word' id='word_1_157' title='bbox 897 2623 975 2684; x_wconf 87' lang='lat' dir='ltr'>sua,</span> <span class='ocrx_word' id='word_1_158' title='bbox 994 2597 1029 2670; x_wconf 93' lang='lat' dir='ltr'>in</span> <span class='ocrx_word' id='word_1_159' title='bbox 1055 2595 1337 2697; x_wconf 92' lang='lat' dir='ltr'>quibuscumque</span> <span class='ocrx_word' id='word_1_160' title='bbox 1354 2595 1448 2671; x_wconf 87' lang='lat' dir='ltr'>villis</span> <span class='ocrx_word' id='word_1_161' title='bbox 1471 2597 1544 2671; x_wconf 87' lang='lat' dir='ltr'>sive</span> <span class='ocrx_word' id='word_1_162' title='bbox 1570 2595 1655 2669; x_wconf 90' lang='lat' dir='ltr'>locis</span> 
     </span>
     <span class='ocr_line' id='line_1_22' title="bbox 472 2695 1655 2798; baseline -0.002 -27"><span class='ocrx_word' id='word_1_163' title='bbox 472 2698 604 2798; x_wconf 90' lang='lat' dir='ltr'>uinque</span> <span class='ocrx_word' id='word_1_164' title='bbox 645 2713 825 2795; x_wconf 90' lang='lat' dir='ltr'>portuum,</span> <span class='ocrx_word' id='word_1_165' title='bbox 869 2713 930 2770; x_wconf 89' lang='lat' dir='ltr'>aut</span> <span class='ocrx_word' id='word_1_166' title='bbox 971 2721 1096 2770; x_wconf 90' lang='lat' dir='ltr'>eorum</span> <span class='ocrx_word' id='word_1_167' title='bbox 1140 2695 1392 2785; x_wconf 90' lang='lat' dir='ltr'>membrorum,</span> <span class='ocrx_word' id='word_1_168' title='bbox 1432 2697 1655 2772; x_wconf 84' lang='lat' dir='ltr'>inveniantur</span> 
     </span>
     <span class='ocr_line' id='line_1_23' title="bbox 445 2725 1655 2899; baseline -0.002 -26"><span class='ocrx_word' id='word_1_169' title='bbox 445 2725 667 2899; x_wconf 75' lang='lat' dir='ltr'>distringere,</span> <span class='ocrx_word' id='word_1_170' title='bbox 704 2799 758 2897; x_wconf 91' lang='lat' dir='ltr'>[et</span> <span class='ocrx_word' id='word_1_171' title='bbox 791 2797 970 2896; x_wconf 78' lang='lat' dir='ltr'>distJricta</span> <span class='ocrx_word' id='word_1_172' title='bbox 1002 2799 1052 2872; x_wconf 90' lang='lat' dir='ltr'>sic</span> <span class='ocrx_word' id='word_1_173' title='bbox 1091 2813 1190 2895; x_wconf 87' lang='lat' dir='ltr'>capta</span> <span class='ocrx_word' id='word_1_174' title='bbox 1227 2798 1399 2872; x_wconf 88' lang='lat' dir='ltr'>abducere</span> <span class='ocrx_word' id='word_1_175' title='bbox 1431 2797 1586 2898; x_wconf 85' lang='lat' dir='ltr'>effugare</span> <span class='ocrx_word' id='word_1_176' title='bbox 1618 2815 1655 2871; x_wconf 93' lang='lat' dir='ltr'>et</span> 
     </span>
     <span class='ocr_line' id='line_1_24' title="bbox 444 2897 1654 2999; baseline -0.001 -25"><span class='ocrx_word' id='word_1_177' title='bbox 444 2916 635 2998; x_wconf 88' lang='lat' dir='ltr'>asportare,</span> <span class='ocrx_word' id='word_1_178' title='bbox 652 2916 688 2973; x_wconf 92' lang='lat' dir='ltr'>et</span> <span class='ocrx_word' id='word_1_179' title='bbox 705 2925 745 2972; x_wconf 89' lang='lat' dir='ltr'>ea</span> <span class='ocrx_word' id='word_1_180' title='bbox 760 2897 826 2971; x_wconf 89' lang='lat' dir='ltr'>sub</span> <span class='ocrx_word' id='word_1_181' title='bbox 844 2899 987 2972; x_wconf 92' lang='lat' dir='ltr'>nomine</span> <span class='ocrx_word' id='word_1_182' title='bbox 1007 2899 1258 2972; x_wconf 86' lang='lat' dir='ltr'>Withernamii</span> <span class='ocrx_word' id='word_1_183' title='bbox 1283 2899 1452 2988; x_wconf 92' lang='lat' dir='ltr'>detinere,</span> <span class='ocrx_word' id='word_1_184' title='bbox 1470 2925 1654 2999; x_wconf 89' lang='lat' dir='ltr'>quousque</span> 
     </span>
     <span class='ocr_line' id='line_1_25' title="bbox 444 2999 1654 3101; baseline -0.002 -26"><span class='ocrx_word' id='word_1_185' title='bbox 444 3002 530 3076; x_wconf 90' lang='lat' dir='ltr'>dicti</span> <span class='ocrx_word' id='word_1_186' title='bbox 550 3001 673 3101; x_wconf 88' lang='lat' dir='ltr'>Major</span> <span class='ocrx_word' id='word_1_187' title='bbox 697 3016 733 3075; x_wconf 90' lang='lat' dir='ltr'>et</span> <span class='ocrx_word' id='word_1_188' title='bbox 751 3000 997 3075; x_wconf 90' lang='lat' dir='ltr'>Communitas</span> <span class='ocrx_word' id='word_1_189' title='bbox 1021 3000 1115 3074; x_wconf 91' lang='lat' dir='ltr'>dicte</span> <span class='ocrx_word' id='word_1_190' title='bbox 1132 2999 1216 3074; x_wconf 90' lang='lat' dir='ltr'>ville</span> <span class='ocrx_word' id='word_1_191' title='bbox 1239 2999 1407 3075; x_wconf 87' lang='lat' dir='ltr'>Dovorre</span> <span class='ocrx_word' id='word_1_192' title='bbox 1427 2999 1471 3072; x_wconf 89' lang='lat' dir='ltr'>de</span> <span class='ocrx_word' id='word_1_193' title='bbox 1489 3000 1654 3098; x_wconf 90' lang='lat' dir='ltr'>predictis</span> 
     </span>
     <span class='ocr_line' id='line_1_26' title="bbox 445 3099 1653 3204; baseline -0.002 -28"><span class='ocrx_word' id='word_1_194' title='bbox 445 3103 681 3204; x_wconf 89' lang='lat' dir='ltr'>quadraginta</span> <span class='ocrx_word' id='word_1_195' title='bbox 722 3100 855 3192; x_wconf 91' lang='lat' dir='ltr'>solidis,</span> <span class='ocrx_word' id='word_1_196' title='bbox 898 3118 935 3174; x_wconf 94' lang='lat' dir='ltr'>et</span> <span class='ocrx_word' id='word_1_197' title='bbox 977 3101 1023 3174; x_wconf 93' lang='lat' dir='ltr'>de</span> <span class='ocrx_word' id='word_1_198' title='bbox 1063 3099 1230 3174; x_wconf 90' lang='lat' dir='ltr'>omnibus</span> <span class='ocrx_word' id='word_1_199' title='bbox 1279 3101 1462 3200; x_wconf 88' lang='lat' dir='ltr'>arreragiis</span> <span class='ocrx_word' id='word_1_200' title='bbox 1502 3101 1653 3200; x_wconf 87' lang='lat' dir='ltr'>predicti</span> 
     </span>
     <span class='ocr_line' id='line_1_27' title="bbox 445 3201 1653 3300; baseline -0.003 -22"><span class='ocrx_word' id='word_1_201' title='bbox 445 3203 616 3294; x_wconf 88' lang='lat' dir='ltr'>redditus,</span> <span class='ocrx_word' id='word_1_202' title='bbox 633 3203 738 3276; x_wconf 92' lang='lat' dir='ltr'>simul</span> <span class='ocrx_word' id='word_1_203' title='bbox 757 3227 838 3276; x_wconf 90' lang='lat' dir='ltr'>cum</span> <span class='ocrx_word' id='word_1_204' title='bbox 855 3201 1021 3275; x_wconf 91' lang='lat' dir='ltr'>omnibus</span> <span class='ocrx_word' id='word_1_205' title='bbox 1037 3203 1134 3274; x_wconf 92' lang='lat' dir='ltr'>misis</span> <span class='ocrx_word' id='word_1_206' title='bbox 1158 3218 1194 3274; x_wconf 93' lang='lat' dir='ltr'>et</span> <span class='ocrx_word' id='word_1_207' title='bbox 1210 3201 1371 3300; x_wconf 85' lang='lat' dir='ltr'>expensis</span> <span class='ocrx_word' id='word_1_208' title='bbox 1387 3227 1457 3300; x_wconf 92' lang='lat' dir='ltr'>que</span> <span class='ocrx_word' id='word_1_209' title='bbox 1474 3202 1653 3275; x_wconf 85' lang='lat' dir='ltr'>occasione</span> 
     </span>
     <span class='ocr_line' id='line_1_28' title="bbox 444 3301 1654 3402; baseline 0 -25"><span class='ocrx_word' id='word_1_210' title='bbox 444 3331 516 3377; x_wconf 93' lang='lat' dir='ltr'>non</span> <span class='ocrx_word' id='word_1_211' title='bbox 533 3303 723 3377; x_wconf 90' lang='lat' dir='ltr'>solucionis</span> <span class='ocrx_word' id='word_1_212' title='bbox 738 3303 895 3402; x_wconf 91' lang='lat' dir='ltr'>ejusdem</span> <span class='ocrx_word' id='word_1_213' title='bbox 913 3302 1072 3376; x_wconf 89' lang='lat' dir='ltr'>redditus</span> <span class='ocrx_word' id='word_1_214' title='bbox 1090 3302 1330 3392; x_wconf 90' lang='lat' dir='ltr'>sustinuerint,</span> <span class='ocrx_word' id='word_1_215' title='bbox 1350 3303 1504 3401; x_wconf 80' lang='lat' dir='ltr'>plenarie</span> <span class='ocrx_word' id='word_1_216' title='bbox 1521 3301 1654 3377; x_wconf 87' lang='lat' dir='ltr'>fuerint</span> 
     </span>
     <span class='ocr_line' id='line_1_29' title="bbox 445 3402 1654 3503; baseline 0 -25"><span class='ocrx_word' id='word_1_217' title='bbox 445 3403 611 3479; x_wconf 84' lang='lat' dir='ltr'>satisfacti</span> <span class='ocrx_word' id='word_1_218' title='bbox 628 3433 635 3477; x_wconf 94' lang='lat'><strong>:</strong></span> <span class='ocrx_word' id='word_1_219' title='bbox 664 3405 715 3477; x_wconf 91' lang='lat' dir='ltr'>Et</span> <span class='ocrx_word' id='word_1_220' title='bbox 732 3421 887 3501; x_wconf 88' lang='lat' dir='ltr'>preterea</span> <span class='ocrx_word' id='word_1_221' title='bbox 903 3403 1061 3500; x_wconf 87' lang='lat' dir='ltr'>predicte</span> <span class='ocrx_word' id='word_1_222' title='bbox 1086 3419 1202 3503; x_wconf 90' lang='lat' dir='ltr'>partes</span> <span class='ocrx_word' id='word_1_223' title='bbox 1218 3421 1459 3480; x_wconf 86' lang='lat' dir='ltr'>convenerunt</span> <span class='ocrx_word' id='word_1_224' title='bbox 1475 3405 1512 3476; x_wconf 93' lang='lat' dir='ltr'>in</span> <span class='ocrx_word' id='word_1_225' title='bbox 1538 3402 1654 3478; x_wconf 87' lang='lat' dir='ltr'>forma</span> 
     </span>
     <span class='ocr_line' id='line_1_30' title="bbox 444 3503 1652 3621; baseline -0.001 -43"><span class='ocrx_word' id='word_1_226' title='bbox 444 3531 513 3605; x_wconf 90' lang='lat' dir='ltr'>que</span> <span class='ocrx_word' id='word_1_227' title='bbox 547 3505 786 3621; x_wconf 87' lang='lat' dir='ltr'>subsequitur,</span> <span class='ocrx_word' id='word_1_228' title='bbox 817 3503 994 3595; x_wconf 87' lang='lat' dir='ltr'>videlicet,</span> <span class='ocrx_word' id='word_1_229' title='bbox 1025 3505 1123 3603; x_wconf 90' lang='lat' dir='ltr'>quod</span> <span class='ocrx_word' id='word_1_230' title='bbox 1157 3529 1239 3579; x_wconf 94' lang='lat' dir='ltr'>cum</span> <span class='ocrx_word' id='word_1_231' title='bbox 1273 3505 1452 3578; x_wconf 93' lang='lat' dir='ltr'>Dominus</span> <span class='ocrx_word' id='word_1_232' title='bbox 1486 3505 1562 3577; x_wconf 92' lang='lat' dir='ltr'>Rex</span> <span class='ocrx_word' id='word_1_233' title='bbox 1595 3506 1652 3581; x_wconf 86' lang='lat' dir='ltr'>vel</span> 
     </span>
     <span class='ocr_line' id='line_1_31' title="bbox 444 3603 1653 3704; baseline -0.002 -24"><span class='ocrx_word' id='word_1_234' title='bbox 444 3606 588 3680; x_wconf 89' lang='lat' dir='ltr'>heredes</span> <span class='ocrx_word' id='word_1_235' title='bbox 621 3630 674 3678; x_wconf 79' lang='lat' dir='ltr'>sur</span> <span class='ocrx_word' id='word_1_236' title='bbox 700 3621 835 3679; x_wconf 89' lang='lat' dir='ltr'>certum</span> <span class='ocrx_word' id='word_1_237' title='bbox 862 3604 1133 3704; x_wconf 83' lang='lat' dir='ltr'>parliamentum</span> <span class='ocrx_word' id='word_1_238' title='bbox 1153 3631 1271 3696; x_wconf 87' lang='lat' dir='ltr'>suum,</span> <span class='ocrx_word' id='word_1_239' title='bbox 1295 3633 1315 3679; x_wconf 88' lang='lat' dir='ltr'>a</span> <span class='ocrx_word' id='word_1_240' title='bbox 1340 3606 1398 3680; x_wconf 93' lang='lat' dir='ltr'>die</span> <span class='ocrx_word' id='word_1_241' title='bbox 1423 3603 1653 3680; x_wconf 88' lang='lat' dir='ltr'>confectionis</span> 
     </span>
     <span class='ocr_line' id='line_1_32' title="bbox 444 3703 1653 3806; baseline 0 -27"><span class='ocrx_word' id='word_1_242' title='bbox 444 3705 673 3806; x_wconf 87' lang='lat' dir='ltr'>presencium,</span> <span class='ocrx_word' id='word_1_243' title='bbox 707 3703 800 3779; x_wconf 87' lang='lat' dir='ltr'>infra</span> <span class='ocrx_word' id='word_1_244' title='bbox 832 3731 983 3805; x_wconf 93' lang='lat' dir='ltr'>regnum</span> <span class='ocrx_word' id='word_1_245' title='bbox 1017 3705 1149 3806; x_wconf 87' lang='lat' dir='ltr'>Anglie</span> <span class='ocrx_word' id='word_1_246' title='bbox 1181 3707 1373 3780; x_wconf 90' lang='lat' dir='ltr'>tenendum</span> <span class='ocrx_word' id='word_1_247' title='bbox 1408 3705 1529 3781; x_wconf 88' lang='lat' dir='ltr'>fecerit</span> <span class='ocrx_word' id='word_1_248' title='bbox 1555 3732 1653 3780; x_wconf 92' lang='lat' dir='ltr'>sum-</span> 
     </span>
     <span class='ocr_line' id='line_1_33' title="bbox 444 3807 1652 3908; baseline 0 -28"><span class='ocrx_word' id='word_1_249' title='bbox 444 3807 584 3898; x_wconf 89' lang='lat' dir='ltr'>moniri,</span> <span class='ocrx_word' id='word_1_250' title='bbox 627 3823 713 3880; x_wconf 93' lang='lat' dir='ltr'>tunc</span> <span class='ocrx_word' id='word_1_251' title='bbox 746 3807 895 3905; x_wconf 92' lang='lat' dir='ltr'>predicti</span> <span class='ocrx_word' id='word_1_252' title='bbox 932 3807 1055 3908; x_wconf 87' lang='lat' dir='ltr'>Major</span> <span class='ocrx_word' id='word_1_253' title='bbox 1096 3822 1132 3881; x_wconf 89' lang='lat' dir='ltr'>et</span> <span class='ocrx_word' id='word_1_254' title='bbox 1166 3807 1414 3882; x_wconf 92' lang='lat' dir='ltr'>Communitas</span> <span class='ocrx_word' id='word_1_255' title='bbox 1448 3808 1541 3883; x_wconf 89' lang='lat' dir='ltr'>dicte</span> <span class='ocrx_word' id='word_1_256' title='bbox 1569 3807 1652 3881; x_wconf 89' lang='lat' dir='ltr'>ville</span> 
     </span>
     <span class='ocr_line' id='line_1_34' title="bbox 444 3906 1652 4010; baseline 0.001 -29"><span class='ocrx_word' id='word_1_257' title='bbox 444 3909 607 3982; x_wconf 87' lang='lat' dir='ltr'>Dovorre</span> <span class='ocrx_word' id='word_1_258' title='bbox 640 3933 703 4007; x_wconf 88' lang='lat' dir='ltr'>per</span> <span class='ocrx_word' id='word_1_259' title='bbox 732 3906 866 3985; x_wconf 85' lang='lat' dir='ltr'>litteras</span> <span class='ocrx_word' id='word_1_260' title='bbox 906 3933 996 3998; x_wconf 88' lang='lat' dir='ltr'>suas,</span> <span class='ocrx_word' id='word_1_261' title='bbox 1030 3907 1095 3982; x_wconf 92' lang='lat' dir='ltr'>sub</span> <span class='ocrx_word' id='word_1_262' title='bbox 1137 3933 1260 3982; x_wconf 91' lang='lat' dir='ltr'>eorum</span> <span class='ocrx_word' id='word_1_263' title='bbox 1302 3908 1420 4009; x_wconf 90' lang='lat' dir='ltr'>sigillo</span> <span class='ocrx_word' id='word_1_264' title='bbox 1461 3909 1652 4010; x_wconf 89' lang='lat' dir='ltr'>majoratus</span> 
     </span>
     <span class='ocr_line' id='line_1_35' title="bbox 443 4007 1651 4110; baseline -0.002 -26"><span class='ocrx_word' id='word_1_265' title='bbox 443 4009 619 4110; x_wconf 89' lang='lat' dir='ltr'>sigillatas,</span> <span class='ocrx_word' id='word_1_266' title='bbox 639 4007 770 4110; x_wconf 88' lang='lat' dir='ltr'>Majori</span> <span class='ocrx_word' id='word_1_267' title='bbox 796 4027 832 4082; x_wconf 92' lang='lat' dir='ltr'>et</span> <span class='ocrx_word' id='word_1_268' title='bbox 859 4009 1119 4084; x_wconf 89' lang='lat' dir='ltr'>Communitati</span> <span class='ocrx_word' id='word_1_269' title='bbox 1144 4009 1238 4085; x_wconf 92' lang='lat' dir='ltr'>dicte</span> <span class='ocrx_word' id='word_1_270' title='bbox 1264 4008 1346 4084; x_wconf 90' lang='lat' dir='ltr'>ville</span> <span class='ocrx_word' id='word_1_271' title='bbox 1371 4009 1417 4083; x_wconf 93' lang='lat' dir='ltr'>de</span> <span class='ocrx_word' id='word_1_272' title='bbox 1443 4007 1651 4085; x_wconf 87' lang='lat' dir='ltr'>ffaversham</span> 
     </span>
     <span class='ocr_line' id='line_1_36' title="bbox 442 4109 1653 4209; baseline -0.002 -23"><span class='ocrx_word' id='word_1_273' title='bbox 442 4112 591 4186; x_wconf 90' lang='lat' dir='ltr'>directas</span> <span class='ocrx_word' id='word_1_274' title='bbox 623 4124 660 4183; x_wconf 91' lang='lat' dir='ltr'>et</span> <span class='ocrx_word' id='word_1_275' title='bbox 692 4109 901 4185; x_wconf 89' lang='lat' dir='ltr'>deliberatas</span> <span class='ocrx_word' id='word_1_276' title='bbox 942 4110 1079 4184; x_wconf 93' lang='lat' dir='ltr'>dictum</span> <span class='ocrx_word' id='word_1_277' title='bbox 1113 4127 1249 4185; x_wconf 86' lang='lat' dir='ltr'>certum</span> <span class='ocrx_word' id='word_1_278' title='bbox 1292 4111 1560 4209; x_wconf 91' lang='lat' dir='ltr'>parliamentum</span> <span class='ocrx_word' id='word_1_279' title='bbox 1602 4113 1653 4184; x_wconf 88' lang='lat' dir='ltr'>eis</span> 
     </span>
     <span class='ocr_line' id='line_1_37' title="bbox 443 4209 1649 4310; baseline 0 -25"><span class='ocrx_word' id='word_1_280' title='bbox 443 4211 688 4299; x_wconf 87' lang='lat' dir='ltr'>notificabunt,</span> <span class='ocrx_word' id='word_1_281' title='bbox 723 4209 815 4284; x_wconf 87' lang='lat' dir='ltr'>infra</span> <span class='ocrx_word' id='word_1_282' title='bbox 852 4237 912 4284; x_wconf 91' lang='lat' dir='ltr'>sex</span> <span class='ocrx_word' id='word_1_283' title='bbox 939 4211 1014 4286; x_wconf 89' lang='lat' dir='ltr'>dies</span> <span class='ocrx_word' id='word_1_284' title='bbox 1052 4228 1133 4310; x_wconf 84' lang='lat' dir='ltr'>post</span> <span class='ocrx_word' id='word_1_285' title='bbox 1170 4211 1487 4286; x_wconf 90' lang='lat' dir='ltr'>summonicionem</span> <span class='ocrx_word' id='word_1_286' title='bbox 1518 4211 1649 4285; x_wconf 89' lang='lat' dir='ltr'>eisdem</span> 
     </span>
     <span class='ocr_line' id='line_1_38' title="bbox 445 4312 1653 4416; baseline -0.001 -30"><span class='ocrx_word' id='word_1_287' title='bbox 445 4313 577 4416; x_wconf 90' lang='lat' dir='ltr'>Majori</span> <span class='ocrx_word' id='word_1_288' title='bbox 604 4329 640 4385; x_wconf 96' lang='lat' dir='ltr'>et</span> <span class='ocrx_word' id='word_1_289' title='bbox 666 4312 922 4386; x_wconf 87' lang='lat' dir='ltr'>Communitati</span> <span class='ocrx_word' id='word_1_290' title='bbox 948 4313 1042 4388; x_wconf 92' lang='lat' dir='ltr'>dicte</span> <span class='ocrx_word' id='word_1_291' title='bbox 1069 4313 1150 4386; x_wconf 89' lang='lat' dir='ltr'>ville</span> <span class='ocrx_word' id='word_1_292' title='bbox 1177 4313 1343 4390; x_wconf 84' lang='lat' dir='ltr'>Dovorre</span> <span class='ocrx_word' id='word_1_293' title='bbox 1368 4313 1502 4388; x_wconf 90' lang='lat' dir='ltr'>virtute</span> <span class='ocrx_word' id='word_1_294' title='bbox 1536 4312 1653 4387; x_wconf 87' lang='lat' dir='ltr'>brevis</span> 
     </span>
    </p>
   </div>
   <div class='ocr_carea' id='block_1_3' title="bbox 0 0 1878 5266">
    <p class='ocr_par' dir='ltr' id='par_1_3' title="bbox 0 0 1878 5266">
     <span class='ocr_line' id='line_1_39' title="bbox 0 0 1878 5266; baseline 0 4"><span class='ocrx_word' id='word_1_295' title='bbox 0 0 1878 5266; x_wconf 95' lang='lat' dir='ltr'> </span> 
     </span>
    </p>
   </div>
  </div>
 </body>
</html>
