3748 5266
447 417 517 491 226
804 410 984 486 DOVER
1011 409 1292 484 CHARTERS

937 712 1116 791 LXXI
1131 711 1162 790 l.

790 909 816 954 x
840 887 1056 967 Decembris,
1077 899 1120 966 3ο
1142 886 1233 954 Heu·
1254 885 1315 952 VI.

446 1045 634 1117 Ouumus
661 1039 797 1120 Christi
822 1039 985 1114 fidelibus
1011 1039 1055 1115 ad
1089 1065 1181 1139 quos
1210 1065 1352 1138 presens
1378 1042 1549 1140 scriptum
1576 1067 1656 1140 per-

446 1146 583 1219 venerit
599 1143 726 1217 visuris
743 1144 799 1217 vel
816 1141 991 1216 audituris
1006 1165 1075 1240 ego
1100 1142 1261 1215 Dionisia
1287 1143 1366 1215 Yve
1388 1143 1441 1216 de'
1460 1143 1655 1232 Bokeland,

442 1247 545 1347 juxta
555 1245 964 1320 Dovorram-Salutem
975 1244 1011 1315 in
1021 1242 1171 1316 domino
1182 1243 1442 1340 sempiternam.
1474 1245 1657 1317 Noveritis

449 1374 506 1420 me
523 1344 694 1445 prefatam
713 1345 911 1420 Dionisiam
928 1343 1100 1417 remisisse
1117 1343 1284 1418 relutasse
1300 1360 1336 1418 et
1353 1345 1500 1419 omnino
1516 1371 1583 1442 pro
1600 1369 1656 1418 me

448 1465 483 1522 et
509 1447 697 1522 heredibus
724 1445 811 1520 meis
835 1445 1098 1544 imperpetuum
1127 1445 1290 1544 quietum
1320 1445 1482 1518 clamasse
1509 1446 1657 1519 domino

447 1551 592 1622 Thome
620 1549 743 1646 Moys,
771 1547 950 1646 Magistro
973 1546 1104 1620 domus
1129 1546 1186 1619 dei
1213 1547 1388 1634 Dovorre‚
1405 1547 1563 1647 ejusdem
1588 1545 1657 1619 loci

448 1647 695 1740 confratribus,
722 1664 758 1721 et
791 1671 916 1720 eorum
946 1645 1201 1720 successoribus
1230 1663 1349 1720 totum
1380 1648 1435 1720 'us
1468 1672 1588 1721 meum
1622 1665 1657 1721 et

449 1751 621 1826 clameum
639 1750 736 1848 quod
763 1747 867 1822 habui
885 1747 997 1821 habeo
1018 1749 1075 1822 vel
1093 1749 1130 1820 in
1149 1747 1313 1822 futurum
1330 1675 1455 1822 haime
1473 1765 1597 1846 potero
1614 1750 1658 1823 de

449 1870 485 1926 et
519 1853 556 1924 in
583 1877 653 1924 una
677 1875 756 1924 acra
780 1866 815 1922 et
841 1847 955 1924 tribus
984 1849 1081 1923 rodis
1106 1864 1198 1922 terre
1221 1875 1303 1922 cum
1334 1849 1406 1922 suis
1435 1850 1658 1950 pertinenciis

450 1952 650 2052 pariterque
668 1950 866 2052 jacentibus
890 1949 928 2022 in
955 1949 1156 2024 Bockeland
1182 1949 1338 2049 predicta
1362 1951 1456 2050 apud
1482 1952 1514 2024 le
1540 1950 1660 2024 melle-

449 2054 568 2142 londe,
601 2077 688 2151 quas
721 2051 866 2150 quidem
900 2075 1015 2124 acram
1049 2066 1085 2124 et
1119 2067 1189 2126 tres
1221 2052 1325 2125 rodas
1354 2068 1444 2126 terre
1477 2077 1558 2126 cum
1588 2052 1659 2126 suis

449 2153 672 2254 pertinenciis
698 2178 869 2226 unacum
895 2152 970 2225 aliis
993 2153 1095 2226 terris
1111 2168 1148 2226 et
1173 2153 1382 2226 tenementis
1406 2179 1426 2226 e
1451 2179 1485 2243 o,
1502 2153 1660 2250 predicta

451 2254 623 2343 Dionisia,
636 2278 750 2352 nuper
774 2252 879 2326 habui
896 2277 939 2324 ex
964 2253 1062 2327 dono
1086 2268 1121 2327 et
1148 2251 1377 2329 ffeofamento
1467 2255 1658 2328 terminum

453 2358 525 2430 vite
542 2380 619 2428 mee
634 2354 680 2429 de
695 2354 858 2448 Johanne
874 2352 1029 2450 Gybbes‚
1042 2369 1079 2426 et
1094 2353 1254 2447 Johanne
1271 2355 1373 2428 Coke
1395 2385 1402 2429 :
1432 2357 1479 2430 ita
1495 2355 1660 2430 videlicet

451 2457 550 2558 quod
568 2481 632 2528 nec
647 2479 716 2554 ego
732 2454 867 2554 prefata
879 2454 1051 2543 Dionisia,
1068 2478 1181 2555 neque
1199 2456 1343 2529 heredes
1360 2457 1441 2545 mei,
1456 2482 1519 2529 nec
1535 2458 1661 2556 aliquis

450 2559 539 2632 alius
557 2557 699 2629 nomine
716 2572 850 2644 nostro,
868 2555 1000 2654 aliquid
1021 2555 1082 2655 jus
1101 2555 1193 2657 juris
1211 2555 1398 2656 [clameum
1417 2557 1490 2658 vel]
1514 2558 1660 2632 titulum

452 2660 488 2732 in
509 2657 676 2756 predictis
695 2681 773 2732 acra
796 2674 832 2732 et
855 2655 968 2730 tribus
991 2655 1087 2730 rodis
1112 2674 1203 2730 terre
1224 2683 1305 2731 cum
1326 2659 1397 2730 suis
1422 2660 1659 2756 pertinenciis,

452 2784 516 2835 nec
549 2759 586 2832 in
620 2757 664 2830 ati
693 2783 737 2832 ua
769 2756 916 2856 parcella
957 2757 1165 2845 eorundem,
1200 2759 1245 2832 de
1278 2776 1395 2834 cetero
1432 2761 1571 2860 exigere
1604 2761 1660 2836 vel

453 2859 636 2934 vendicare
653 2783 799 2932 ciamare
826 2859 1032 2956 poterimus,
1049 2875 1102 2932 set
1118 2858 1163 2932 ab
1189 2861 1285 2933 omni
1304 2861 1443 2934 accione
1461 2859 1559 2960 [inde
1571 2862 1663 2962 juris

452 2988 515 3061 per
532 2977 708 3060 presentes
723 2957 848 3060 simus]
865 2959 995 3033 exclusi
1013 2961 1284 3058 imperpetuum.

529 3063 570 3134 ln
590 3061 713 3178 ‘cujus
761 3063 810 3134 rei
854 3061 1097 3134 testimonium
1140 3063 1291 3159 presenti
1343 3060 1499 3163 sigillum
1542 3089 1660 3138 meum

453 3192 472 3238 a
564 3189 611 3241 ur.

473 3189 664 3337 ppolictum
681 3263 776 3360 apud
794 3260 997 3335 Bockeland
1018 3263 1209 3359 predictam
1226 3264 1366 3337 decimo
1382 3264 1440 3338 die
1457 3265 1663 3338 Decembris

452 3390 546 3440 anno
570 3364 669 3463 regni
688 3363 796 3462 Regis
821 3360 1000 3462 [Henrici
1020 3365 1108 3435 sexti
1135 3363 1232 3463 post]
1258 3381 1494 3463 conquestum
1517 3367 1659 3465 Anglie,

452 3483 639 3540 tricesimo.

530 3566 618 3637 Hiis
644 3563 818 3638 testibus:
846 3562 1006 3657 Johanne
1032 3563 1203 3661 Gybbes3
1228 3565 1391 3658 johanne
1416 3566 1543 3656 Coke;
1575 3569 1663 3641 Bar-

454 3666 635 3742 tholomeo
652 3664 786 3752 Goier;
812 3663 999 3738 Willelmo
1020 3665 1228 3762 Ketynton3
1257 3666 1365 3741 Petro
1382 3667 1567 3767 Ketynton
1590 3693 1599 3757 ;
1626 3688 1662 3742 et

455 3768 539 3844 aliis
