3748 5266
434 403 507 496 2⁶4
794 397 974 473 uovsn
1001 395 1281 472 cHAnrsns

887 598 979 678 LX
991 597 1035 678 X
1047 597 1091 678 X
1105 597 1123 678 1
1135 597 1187 678 V.

758 773 859 858 xxiiij
885 771 1039 858 August,
1064 783 1103 856 17
1129 771 1229 840 Edw.
1257 769 1315 838 tv

435 931 525 1006 Huc
544 929 731 1005 indentura
747 945 898 1004 testatur
915 929 1013 1028 quod
1031 930 1209 1002 Robertus
1226 929 1402 1026 Vyncent,
1422 927 1543 1042 Major
1560 925 1643 1000 ville

433 1058 472 1107 ac
490 1031 620 1106 Portus
637 1033 800 1105 Dovorre
803 1030 1006 1124 ,Johannes
1033 1030 1184 1118 ffullare,
1212 1029 1389 1102 Robertus
1404 1027 1590 1117 Sinethiot,
1607 1045 1643 1102 et

434 1133 628 1207 Nicholaus
657 1131 765 1230 ffyne,
796 1090 973 1207 Custodes
1001 1131 1095 1204 dicte
1125 1089 1219 1220 ville,
1254 1129 1411 1204 unanimi
1440 1153 1581 1203 assensu
1606 1144 1644 1201 et

435 1259 609 1308 concensu
650 1233 764 1307 tocius
804 1231 1081 1306 Communitatis
1120 1190 1277 1334 ejusdem
1308 1231 1392 1305 ville
1421 1231 1644 1306 tradiderunt

436 1349 679 1410 concesserunt
721 1350 757 1407 et
799 1335 843 1408 ad
892 1332 989 1406 feodi
1039 1333 1178 1406 firmam
1229 1332 1440 1406 dimiserunt
1489 1331 1643 1427 Johanni

435 1435 694 1535 Tempylmane
711 1459 817 1508 unam
840 1435 993 1533 placeam
1010 1451 1104 1508 terre
1128 1434 1304 1551 jacentem
1334 1431 1425 1506 infra
1447 1431 1643 1506 libertatem

436 1540 568 1613 Portus
596 1536 798 1610 Dovorre
791 1562 827 1608 m
860 1535 1153 1632 Mankynwarde,
1184 1536 1276 1609 inter
1311 1551 1442 1608 terram
1474 1534 1647 1634 Hugonis

437 1640 587 1712 Shereve
605 1662 725 1711 versus
743 1636 860 1723 north,
878 1652 1008 1709 terram
1025 1635 1167 1709 ecclesie
1191 1635 1308 1709 Sancti
1335 1635 1500 1709 Nicholai
1527 1659 1647 1708 versus

435 1755 519 1826 east,
550 1755 682 1812 terram
711 1737 862 1810 Simonis
891 1737 1018 1812 Lovell
1048 1761 1170 1811 versus
1199 1737 1324 1826 sowth,
1355 1754 1391 1811 et
1418 1749 1645 1810 communem

437 1841 611 1913 venellam
628 1863 752 1911 versus
767 1854 852 1913 vvest
869 1867 876 1911 :
905 1837 1054 1910 habend'
1071 1853 1107 1911 et
1123 1837 1266 1912 tenend'
1284 1838 1477 1936 predictam
1494 1838 1646 1936 placeam

436 1959 530 2016 terre
559 1965 640 2014 cum
670 1941 741 2012 suis
771 1939 995 2038 pertinenciis
1023 1937 1162 2037 prefato
1189 1939 1342 2035 Johanni
1378 1939 1647 2037 Tempylmane,

438 2040 624 2115 heredibus
652 2057 688 2112 et
717 2039 900 2138 assignatis
936 2039 1008 2113 suis
1045 2041 1331 2140 imperpetuum:
1373 2039 1534 2114 ffaciend’
1565 2039 1647 2113 inde

439 2141 626 2217 servicium
656 2141 793 2214 domini
825 2141 934 2240 Regis
962 2141 1155 2214 secundum
1194 2140 1484 2214 consuetudinem
1524 2159 1648 2239 portus

441 2242 590 2343 predicti
609 2266 690 2315 cum
708 2243 889 2315 evenerit:
916 2257 953 2314 et
971 2241 1140 2316 reddend'
1159 2242 1241 2316 inde
1259 2241 1392 2343 Maj0ri
1416 2257 1451 2314 et
1478 2241 1648 2316 Custodi·

440 2345 506 2418 bus
531 2343 624 2417 dicte
651 2344 734 2415 ville
761 2345 822 2442 qui
851 2367 917 2441 pro
944 2361 1104 2442 tempore
1131 2341 1264 2416 fuerint
1291 2343 1472 2417 annuatim
1494 2342 1529 2414 in
1557 2341 1648 2416 festo

441 2444 647 2518 Nativitatis
663 2443 778 2516 Sancti
774 2443 965 2560 Johanpis
993 2444 1196 2543 baptiste*
1206 2444 1282 2544 iiiJ'“
1307 2445 1467 2519 denarios
1493 2443 1650 2516 annualis

442 2544 625 2619 redditus:
679 2560 715 2617 et
757 2546 785 2618 si
829 2545 1013 2642 contingat
1055 2544 1190 2618 dictum
1238 2545 1425 2618 annualem
1469 2544 1648 2618 redditum

441 2647 596 2720 duorum
624 2645 655 2744 [ἒ
676 2646 847 2756 quatuor]
885 2645 1112 2720 denariorum
1148 2662 1264 2719 aretro
1295 2643 1373 2718 fore
1399 2647 1492 2718 ultra
1516 2644 1649 2718 festum

442 2747 643 2862 predictum
671 2771 733 2845 per
760 2744 850 2819 nvcim
884 2746 960 2819 dies
986 2771 1058 2818 non
1086 2745 1243 2820 solutum
1267 2763 1396 2819 extunc
1421 2746 1558 2820 licitum
1581 2746 1649 2819 erit

444 2847 575 2948 Majori
593 2864 628 2921 et
648 2845 868 2923 Custodibus
885 2846 968 2920 ville
985 2846 1140 2945 predicte
1157 2849 1218 2946 qui
1241 2871 1307 2962 pro
1331 2863 1492 2962 tempore
1517 2845 1649 2920 fuerint

442 2950 479 3023 in
497 2948 690 3048 predictam
707 2949 861 3048 placeam
878 2964 970 3020 terre
987 2974 1068 3021 cum
1081 2948 1154 3020 suis
1170 2947 1399 3064 pertinenciis
1416 2948 1460 3022 ad
1477 2973 1650 3048 quorum-

442 3074 593 3149 cumque
624 3073 748 3124 manus
778 3050 1011 3148 imposterum
1040 3049 1197 3123 evenerit
1228 3051 1397 3121 reintrare
1435 3065 1471 3121 et
1509 3049 1649 3147 pacifice

443 3151 622 3250 possidere
657 3149 724 3222 sibi
759 3166 794 3223 et
829 3173 953 3224 eorum
983 3150 1239 3222 successoribus
1268 3149 1469 3264 Majoribus
1495 3167 1531 3222 et
1560 3149 1651 3223 Cus-

444 3252 669 3325 todibusu
612 3251 769 3422 οῧεᾴετη
797 3250 915 3323 ville
906 3268 1192 3349 imperpetuum:
1221 3251 1366 3348 proviso
1392 3275 1530 3350 semper
1553 3252 1650 3350 quod

444 3352 592 3468 predicti
670 3375 757 3466 aJor,
788 3351 977 3439 Custodes,
1007 3369 1042 3424 et
1073 3351 1332 3440 Communitas,
1363 3377 1402 3424 ac
1437 3377 1651 3425 successores

444 3453 498 3524 sui
530 3453 567 3524 in
603 3451 759 3550 predicta
795 3451 911 3549 placea
945 3468 1037 3524 terre
1071 3452 1250 3526 habebunt
1283 3477 1477 3527 commune
1505 3478 1650 3550 parcum

445 3579 550 3627 suum
568 3551 612 3625 ad
630 3551 874 3649 imparcandos
890 3576 1018 3649 porcos
1044 3553 1118 3626 sine
1143 3553 1259 3653 aliqua
1283 3553 1566 3628 contradiccione
1591 3572 1652 3627 aut

445 3653 702 3770 impedimento
744 3651 830 3725 dicti
872 3653 1042 3769 johannis
1083 3654 1333 3753 Tempylman,
1384 3654 1556 3728 heredum
1595 3654 1653 3729 vel

444 3755 701 3855 assignatorum
726 3779 887 3840 suorum,
914 3753 1200 3854 imperpetuum:
1233 3773 1268 3828 et
1295 3755 1443 3854 predicti
1473 3755 1652 3829 Robertus

445 3857 620 3956 Vyncent,
638 3853 770 3954 Major,
783 3853 972 3945 Custodes,
983 3873 1019 3929 et
1038 3855 1298 3947 Communitas,
1316 3874 1351 3929 et
1369 3881 1582 3930 successores
1599 3857 1653 3931 sui

446 3957 640 4057 predictam
654 3955 807 4054 placeam
821 3971 913 4029 terre
925 3980 1007 4030 cum
1019 3957 1090 4029 suis
1103 3957 1329 4075 pertinenciis
1345 3955 1482 4055 prefato
1500 3958 1653 4052 johanni

445 4057 697 4156 Tempylman,
723 4056 909 4130 heredibus
934 4073 969 4130 et
995 4057 1178 4157 assignatis
1212 4060 1296 4148 suis,
1332 4060 1441 4132 modo
1475 4076 1511 4133 et
1537 4057 1653 4133 forma

447 4159 607 4256 predicto
634 4173 757 4230 contra
782 4181 904 4230 omnes
928 4175 1051 4257 gentes
1076 4159 1386 4232 warantizabunt
1377 4176 1651 4258 imperpetuum

582 4283 692 4344 *Duos
706 4303 763 4343 was
778 4285 894 4343 written
909 4285 966 4344 aud
981 4284 1087 4356 erased,
1102 4284 1168 4364 iiij*
1181 4285 1269 4364 being
1281 4285 1408 4344 inserted
1421 4286 1521 4346 above.
