3744 5296
818 471 994 549 DOVER
1020 472 1294 550 CHARTERS

984 671 1134 758 XXI.

789 849 876 934 mr
901 829 1046 933 Aptius
1069 848 1109 918 ιο
1131 850 1233 920 sev.
1256 849 1323 920 111.

455 1007 699 1080 Wrnnsnuus
717 1007 851 1099 Grrsr,
869 1009 1005 1110 junior,
1029 1025 1065 1084 et
1094 1010 1311 1110 Margaretn
1342 1034 1434 1084 uxor
1459 1009 1546 1111 ejus,
1574 1035 1662 1110 que-

453 1124 577 1197 rentes,
610 1125 798 1207 opponunt
826 1133 862 1182 se
891 1135 1013 1184 versus
1040 1111 1239 1204 Johannem
1269 1110 1386 1209 Kenp,
1422 1128 1459 1186 et
1496 1111 1661 1198 Aliciam,

454 1235 602 1282 uxorem
632 1210 718 1311 ejus,
757 1210 856 1309 quod
886 1226 1028 1284 teneant
1056 1212 1106 1284 eis
1134 1211 1409 1288 convencionem
1442 1213 1487 1286 de
1522 1213 1663 1287 duobus

454 1309 576 1384 solidis
609 1336 668 1385 sex
701 1310 852 1385 denariis
885 1328 921 1385 et
963 1338 1034 1385 una
1073 1311 1203 1412 gallina
1244 1313 1404 1388 redditus
1446 1313 1660 1412 percipiend'

454 1411 635 1486 annuatim
665 1413 710 1486 de
738 1438 809 1485 uns
837 1410 967 1512 fforgin
994 1435 1103 1512 quam
1131 1413 1337 1487 Willelmus
1372 1415 1416 1489 de
1454 1415 1661 1504 Kinartone,

454 1511 563 1604 faber,
581 1529 677 1586 tenet
694 1511 785 1586 infra
806 1512 1003 1587 libertatem
1028 1513 1113 1588 ville
1137 1516 1304 1588 Dovorre
1328 1515 1366 1588 in
1392 1515 1661 1591 Canonewarde.

455 1614 608 1688 Predicti
645 1615 822 1708 Johannes
858 1630 895 1687 et
932 1613 1047 1688 Alicia
1085 1615 1291 1690 summoniti
1331 1615 1489 1705 veniunt,
1520 1631 1568 1707 et,
1598 1642 1662 1717 per

455 1715 647 1806 licenciam,
677 1713 879 1789 concordati
909 1731 994 1789 sunt
1022 1716 1089 1791 sub
1118 1717 1182 1790 hac
1217 1715 1343 1790 forma,

530 1815 615 1889 Hec
643 1830 696 1889 est
725 1813 839 1888 finalis
867 1816 1054 1890 concordia
1082 1815 1174 1891 facta
1201 1817 1240 1891 in
1267 1815 1376 1892 Curia
1398 1817 1535 1891 domini
1554 1817 1661 1920 Regis

456 1931 553 1991 tenta
568 1917 605 1989 in
623 1914 707 1989 villu
723 1917 888 1992 Dovorra
904 1916 963 1990 die
975 1918 1111 1991 veneris
1124 1917 1284 2016 proxima
1300 1935 1381 2018 post
1398 1917 1529 1993 festum
1545 1919 1660 1994 Sancti

457 2017 573 2090 Marci
589 2016 817 2116 Evangeliste
842 2041 936 2091 anno
961 2018 1062 2119 regni
1081 2019 1190 2120 Regis
1214 2019 1395 2110 Edwardi,
1411 2020 1510 2095 tercii
1528 2019 1661 2122 Anglie

455 2133 536 2218 post
565 2133 809 2216 conquestum,
839 2133 939 2193 sexto
968 2119 1130 2193 decimo:
1158 2145 1277 2194 coram
1309 2121 1470 2214 Johanne
1504 2122 1660 2221 Monyn‚

456 2237 540 2292 ωηο
576 2218 716 2319 Majore
749 2220 933 2310 Dovorre;
959 2219 1163 2294 Alexandro
1193 2220 1356 2320 Hurtyn,
1385 2237 1472 2296 tunc
1501 2223 1660 2313 Ballivo;

456 2344 591 2394 necnon
608 2319 741 2414 Juratis
766 2336 803 2393 et
828 2321 904 2394 aliis
928 2320 1064 2395 domini
1091 2320 1198 2420 Regis
1223 2321 1388 2395 fidelibus
1403 2323 1563 2440 ejusdem
1579 2324 1661 2398 ville

455 2438 544 2496 tunc
578 2407 824 2523 congregatis3
867 2421 962 2496 inter
997 2419 1222 2495 Willelmum
1260 2421 1376 2495 Gibbe
1407 2422 1588 2523 juniorem
1625 2440 1661 2498 et

457 2523 697 2620 Margaretam
739 2546 887 2597 uxorem
931 2523 1007 2624 ejus
1047 2547 1092 2596 ex
1134 2547 1205 2596 una
1246 2537 1344 2622 parte
1386 2539 1582 2622 querentes,
1625 2540 1661 2598 et

454 2623 653 2717 Johannem
683 2623 789 2720 Kenp
818 2639 854 2698 et
883 2621 1035 2698 Ahciam
1064 2647 1212 2697 uxorem
1241 2622 1315 2740 ejus
1344 2647 1388 2696 ex
1419 2621 1526 2698 altera
1563 2641 1661 2724 parte

455 2722 704 2811 deforciantes‚
717 2724 762 2798 de
774 2722 915 2798 duobus
929 2723 1050 2798 solidis
1063 2749 1124 2798 sex
1135 2725 1286 2800 denariis
1298 2740 1334 2799 et
1345 2723 1552 2898 unaflgellina
1561 2725 1660 2800 liberi

455 2840 491 2898 et
508 2824 670 2922 perpetui
684 2824 844 2898 redditus
855 2825 1068 2924 percipiend'
1080 2826 1263 2900 annuatim
1272 2826 1317 2900 de
1327 2851 1397 2900 una
1438 2826 1537 2927 orgia
1553 2853 1660 2927 quam

455 2925 661 3000 Willelmus
688 2927 734 3000 de
763 2925 960 2999 Kinartone
990 2924 1089 3002 faber
1118 2943 1215 3003 tenet
1245 2925 1336 3001 infra
1361 2925 1559 3001 libertatem
1577 2927 1661 3002 ville

455 3029 620 3101 Dovorre
669 3025 707 3099 in
757 3026 1041 3102 Canonewarde:
1088 3029 1182 3102 unde
1217 3027 1385 3128 placitum
1415 3029 1661 3103 convencionis

455 3127 713 3202 summonitum
739 3125 809 3202 fuit
847 3127 940 3202 inter
973 3129 1115 3203 eosdem
1145 3129 1181 3202 in
1211 3129 1306 3203 dicta
1335 3127 1454 3218 Curia,
1484 3129 1659 3220 videlicet,

455 3229 552 3328 quod
579 3228 727 3328 predicti
751 3229 929 3323 Johannes
953 3246 990 3303 et
1012 3229 1129 3304 Alicia
1146 3246 1429 3402 reexppnoverunt
1446 3245 1564 3305 totum
1582 3257 1661 3331 pre-

454 3331 592 3404 dictum
619 3329 800 3404 redditum
827 3355 900 3402 esse
927 3330 982 3402 'us
1008 3331 1166 3430 ipsorum
1243 3329 1366 3406 illelmi
1396 3347 1432 3406 et
1459 3332 1661 3432 Margarete

455 3430 597 3505 tenend’
623 3446 658 3505 et
683 3429 832 3504 habend’
860 3354 992 3506 eisdem
1007 3429 1194 3506 erlelmo
1209 3448 1245 3507 et
1263 3433 1467 3532 Margarcte
1483 3449 1519 3508 et
1535 3458 1659 3508 eorum

455 3531 641 3606 heredibus
669 3546 706 3605 et
734 3531 916 3631 assignatis
939 3531 1022 3633 jure
1060 3532 1271 3607 hereditario
1309 3532 1583 3634 inperpetuum:
1623 3552 1660 3609 ct

455 3632 603 3732 predicti
633 3649 880 3706 concesserunt
908 3658 975 3731 pro
1004 3659 1039 3708 se
1068 3648 1104 3708 et
1138 3633 1328 3708 heredibus
1364 3635 1436 3708 suis
1464 3635 1563 3734 quod
1593 3635 1660 3734 ipsi

454 3733 732 3809 warantizabunt
749 3748 867 3808 totum
884 3733 1084 3834 predictum
1102 3736 1283 3810 redditum
1297 3735 1463 3835 predictis
1475 3735 1660 3812 Willelmo

454 3852 490 3908 et
518 3834 722 3935 Margarete
742 3852 919 3909 eteorum
937 3836 1125 3911 heredibus
1147 3853 1183 3910 et
1202 3836 1384 3937 assignatis
1400 3851 1521 3910 contra
1537 3863 1661 3912 omnes

453 3952 576 4036 gentes
597 3935 857 4036 inperpetuum.

454 4427 607 4532 [1⁸9·2]
