3678 5258
443 455 517 544 4²⁸
804 453 985 530 DOVER
1009 455 1291 530 CHARTERS

442 654 638 728 medum
661 655 954 730 memmium
978 657 1064 730 ville
1087 673 1124 732 et
1148 673 1275 756 porrus
1296 655 1537 755 pmictoeum
1563 677 1646 726 eum

442 753 1648 856 reciderit.Etnns,veropredictmRobetnsHedleyet

445 854 650 946 Kztberinr,
665 879 756 930 uxor
770 857 858 958 ejus,
876 873 915 930 et
930 857 1077 932 heredes
1102 857 1213 932 nostri
1239 857 1438 958 predictum
1458 855 1647 955 gardinum

443 979 528 1030 cum
570 955 796 1055 pertinenciis
835 955 974 1056 prefito
1016 959 1171 1054 johanni
1214 959 1341 1046 Lucre,
1385 957 1573 1031 heredibus
1612 969 1649 1028 et

443 1055 628 1156 aignan:
642 1057 726 1150 mis,
742 1059 788 1134 ad
805 1083 911 1132 nsum
926 1059 1212 1159 mprndieernm
1233 1075 1358 1134 nonne
1380 1082 1504 1133 omnes
1526 1069 1650 1156 gente

443 1155 748 1232 'nuntiabimus
772 1175 810 1234 et
835 1185 900 1258 per
925 1176 1104 1260 prmentes
1127 1161 1390 1260 imperpetuum
1406 1157 1648 1233 defendemus.

521 1257 562 1331 ln
604 1258 707 1359 cujus
747 1259 797 1333 rei
840 1259 1086 1335 testimonium
1129 1287 1206 1352 nos,
1248 1261 1428 1360 predictus
1472 1259 1649 1332 Robertus

445 1357 592 1456 Hedley
608 1377 644 1433 ct
662 1359 868 1450 Katherim,
886 1387 977 1436 uxor
992 1362 1080 1465 ejus,
1097 1363 1179 1436 huic
1196 1363 1349 1462 presenti
1369 1360 1503 1462 scripto
1527 1373 1649 1432 nostro

443 1458 560 1559 sigilla
576 1477 699 1534 nostra
713 1462 953 1561 apposuimus.

521 1563 614 1634 Dtta
637 1563 732 1661 apud
756 1564 883 1637 Dovor
906 1563 1046 1639 decimo
1069 1579 1171 1638 sexto
1194 1563 1253 1638 die
1276 1562 1415 1662 Aprilis
1440 1585 1534 1634 anno
1550 1557 1647 1659 regni

444 1660 589 1736 domine
626 1681 745 1736 nostre
782 1663 977 1754 Elimbcte
1015 1665 1073 1738 dei
1108 1665 1224 1764 gnei:
1252 1661 1395 1763 Angbr,
1425 1661 1583 1753 Francis,
1612 1677 1647 1732 et

445 1761 623 1935 Hipemie
665 1764 812 1864 Regine,
855 1764 938 1840 fidei
979 1763 1157 1855 defensor,
1199 1781 1282 1855 etc,
1336 1763 1475 1864 quinto.
1539 1765 1650 1834 Anno

451 1887 463 1936 1
474 1885 493 1961 5
523 1885 557 1958 3.

521 1965 564 2038 In
579 1963 701 2039 dorso:
729 1967 897 2040 Presenm
914 1969 951 2041 in
968 1983 1105 2062 tempore
1130 1967 1333 2066 sigillationis
1358 1983 1390 2038 ιι
1412 1964 1649 2040 denbnamnn

438 2069 667 2160 presencium:
690 2067 775 2140 Ioles
789 2067 951 2141 Hawkins
962 2069 1018 2164 (ἓ)
1034 2092 1045 2156 ;
1061 2067 1147 2140 John
1166 2067 1305 2159 Dawes,
1317 2065 1441 2140 somne
1453 2068 1650 2162 Sangarium

448 2165 598 2239 William
618 2165 762 2265 Knyght,
775 2174 898 2244 iomar
916 2169 1050 2246 Clarke.

447 2265 559 2364 [155]

859 2467 1238 2552 nenorensem„

1026 2629 1076 2702 xii.

445 2773 538 2852 Huc
569 2791 624 2850 est
661 2775 775 2851 finalis
812 2775 1001 2852 eoncordia
1026 2775 1118 2852 freta
1145 2777 1184 2851 in
1213 2777 1321 2852 Curia
1348 2778 1493 2853 domine
1531 2792 1653 2851 nostre

445 2875 642 2970 Elizsbete,
680 2877 775 2976 apud
814 2879 935 2952 villam
971 2895 1009 2950 et
1046 2895 1191 2978 portum
1221 2880 1348 2953 Dovor
1377 2896 1475 2952 tenta
1503 2877 1561 2978 xvj
1592 2877 1652 2951 die

446 2977 575 3050 mensis
604 2977 752 3077 Aprilis,
782 3003 877 3052 anno
905 2979 1005 3078 regni
1034 2980 1180 3055 domine
1214 2995 1332 3054 nostre
1369 2978 1564 3071 Eliubcte,
1593 2977 1650 3052 dei

445 3077 561 3176 gracia
576 3079 719 3178 Anglie,
740 3077 893 3166 ffiuncie,
911 3096 948 3153 ct
969 3079 1146 3154 Hibernie
1175 3081 1322 3180 Regine,
1343 3080 1425 3154 fidei
1438 3077 1458 3114 ⁶
1474 3076 1652 3170 defensor,

445 3193 527 3269 ete,
547 3179 687 3277 quinto,
709 3203 826 3253 coram
846 3180 1007 3274 Johanne
1029 3181 1175 3270 Robins,
1197 3180 1339 3282 Majore
1364 3179 1447 3253 ville
1473 3197 1509 3253 et
1525 3195 1652 3278 portus

447 3277 585 3368 Dovor,
610 3280 754 3354 Thoma
777 3279 942 3371 Warren,
969 3280 1148 3355 Richardo
1173 3281 1313 3375 Jebbes,
1335 3281 1478 3354 Thomu
1494 3279 1652 3372 Burnell,

446 3393 483 3452 et
500 3377 705 3454 Alexandro
723 3381 875 3480 Mynge,
893 3381 1038 3475 Juratis,
1056 3397 1092 3454 et
1109 3381 1185 3455 aliis
1201 3382 1346 3456 domine
1371 3397 1491 3455 nostre
1517 3379 1652 3480 Regine

446 3477 607 3554 fidelibus
635 3497 724 3555 tunc
751 3481 884 3556 ibidem
920 3480 1152 3580 presentibus,
1187 3483 1280 3556 inter
1303 3482 1501 3577 Johannem
1525 3482 1652 3566 Lucus,

446 3595 665 3678 querentem,
694 3596 730 3655 et
761 3582 959 3656 Robertum
989 3580 1135 3680 Hedley
1164 3599 1200 3656 et
1229 3583 1469 3674 Katherinam,
1503 3606 1652 3654 uxorem

445 3679 532 3782 ejus,
558 3679 804 3772 deforciantes,
829 3683 874 3756 de
899 3697 936 3756 et
960 3707 1066 3780 super
1091 3708 1165 3757 uno
1187 3684 1338 3784 gardino
1357 3708 1439 3756 cum
1455 3682 1528 3756 suis
1544 3683 1654 3781 perti-

448 3780 591 3870 nenciis,
617 3781 767 3857 scituato
786 3781 925 3884 jacente
948 3799 985 3856 et
1009 3785 1181 3858 existente
1206 3782 1298 3858 infra
1322 3785 1539 3858 Libertatem
1569 3783 1653 3855 ville

446 3896 483 3955 et
499 3897 625 3980 portus
641 3881 802 3980 predicti,
820 3884 856 3956 in
874 3885 1032 3984 Georges
1048 3884 1173 3974 Ward,
1200 3884 1293 3959 inter
1316 3908 1541 3958 communem
1557 3883 1652 3955 viam

446 4005 570 4055 versus
595 3984 801 4072 northwest,
828 3984 862 4056 le
888 3983 969 4059 cliff
987 4009 1111 4059 versus
1138 3985 1329 4077 southeast,
1353 4003 1482 4060 terram
1507 3983 1652 4059 domine

448 4097 567 4156 nostre
598 4083 741 4184 Regine,
774 4109 887 4183 nuper
916 4085 1153 4184 pertinentem
1182 4087 1226 4160 ad
1255 4086 1404 4161 domum
1429 4085 1500 4177 dei,
1525 4085 1652 4157 Dovor

446 4181 616 4281 predicte,
647 4200 812 4258 vocatum
838 4185 871 4258 le
905 4185 1049 4260 Maison
1079 4186 1184 4276 Dico,
1217 4187 1327 4260 modo
1355 4187 1391 4261 in
1420 4185 1654 4284 occupscione

446 4283 591 4358 Thome
623 4285 824 4376 Cockerell,
859 4311 979 4360 versus
1011 4289 1204 4364 southwest
1240 4304 1277 4363 et
1319 4288 1524 4363 northeast:
1555 4284 1653 4359 unde
