3748 5266
437 495 508 590 236
796 491 977 566 DOVER
1004 489 1284 566 CHARTERS

915 687 1160 768 Lxxvl.

808 879 889 926 xxx
914 860 1014 941 Maii,
1035 862 1058 928 6
1083 861 1184 928 Edw.
1210 863 1269 929 1v.

433 1019 581 1091 Scrnnr
599 1032 776 1116 presentes
804 1030 840 1088 et
867 1013 979 1089 futuri
998 1017 1097 1115 quod
1114 1015 1273 1090 Thomas
1295 1017 1403 1105 Gore‚
1422 1016 1543 1116 Major
1559 1015 1642 1088 ville

434 1121 609 1208 Dovorre,
627 1135 662 1191 et
679 1116 838 1218 ejusdem
855 1116 938 1190 ville
953 1117 1081 1211 Jurati,
1105 1118 1150 1191 de
1177 1143 1351 1192 concensu
1377 1135 1413 1191 et
1441 1143 1507 1215 pro
1532 1117 1642 1190 Com-

433 1220 533 1294 muni
567 1218 719 1292 utilitate
752 1219 866 1292 tocius
898 1218 1177 1292 Communitatis
1209 1235 1453 1292 concesserunt
1488 1235 1536 1310 et,
1579 1217 1642 1290 hac

433 1320 585 1421 presenti
603 1336 698 1393 carta
714 1319 905 1408 indentata,
923 1320 967 1393 ad
985 1317 1080 1393 feodi
1105 1320 1241 1394 firmam
1262 1320 1472 1394 dimiserunt
1488 1318 1640 1414 johanni

434 1422 604 1510 Hancok,
630 1423 675 1496 de
700 1422 878 1508 Dovorra,
904 1443 1011 1493 unam
1037 1437 1165 1494 terram
1192 1447 1338 1495 vacuum
1355 1421 1533 1522 jacentem
1549 1419 1642 1493 infra

371 1579 375 1586 .
432 1523 630 1597 libertatem
669 1521 800 1595 Portus
836 1523 1012 1612 Dovorre,
1048 1522 1086 1594 in
1122 1523 1402 1621 horspolevvarde
1427 1522 1519 1596 inter
1543 1537 1642 1595 tene-

433 1640 592 1698 mentum
610 1621 793 1722 hospitalis
809 1623 925 1695 Sancti
943 1622 1184 1696 Bartholomei
1202 1648 1323 1697 versus
1339 1641 1422 1711 east,
1440 1639 1476 1696 et
1495 1623 1640 1723 Regiam

432 1741 578 1800 stratam
595 1749 717 1798 versus
734 1723 938 1811 northwest,
965 1739 1002 1796 et
1019 1726 1063 1799 ad
1080 1749 1227 1798 vacuam
1244 1741 1376 1799 terram
1397 1749 1511 1824 nuper
1536 1724 1642 1798 Hen-

433 1827 496 1902 rici
524 1827 689 1924 Sextayn,
716 1824 761 1897 de
788 1825 963 1914 Dovorra,
992 1850 1113 1900 versus
1139 1827 1331 1914 southeast,
1348 1843 1385 1900 et
1409 1825 1454 1898 ad
1471 1823 1641 1898 venellam

433 1928 621 2002 ducentem
639 1953 660 1999 a
676 1940 878 1999 tenemento
896 1925 1048 1999 Henrici
1065 1927 1208 2002 Sextain
1224 1952 1336 2026 usque
1348 1927 1392 2000 ad
1409 1951 1504 2000 mare
1521 1951 1642 1999 versus

434 2027 649 2102 southvest:
685 2025 835 2100 habend'
861 2041 897 2099 et
922 2027 1064 2100 tenend'
1091 2028 1285 2126 predictam
1311 2045 1440 2101 terram
1465 2052 1546 2100 cum
1572 2027 1643 2100 suis

435 2127 660 2228 pertinenciis
676 2127 813 2226 prelato
829 2127 981 2222 Johanni
999 2128 1166 2216 Hancok‚
1186 2129 1374 2204 heredibus
1398 2145 1434 2203 et
1459 2128 1642 2228 assignatis

434 2231 507 2304 suis
535 2231 822 2328 imperpetuum:
863 2225 1025 2302 ffaciend’
1056 2229 1138 2304 inde
1167 2230 1354 2304 servicium
1383 2229 1519 2303 domini
1550 2229 1642 2329 regis

434 2330 578 2430 quando
603 2329 761 2402 evenerit
787 2329 981 2402 secundum
1008 2331 1297 2404 consuetudinem
1326 2345 1451 2430 portus
1467 2329 1640 2428 predicti3

433 2449 469 2506 et
511 2430 682 2506 reddend’
724 2429 806 2503 inde
844 2430 1024 2503 annuatim
1063 2431 1221 2530 predicte
1261 2431 1520 2506 Communitati
1558 2431 1641 2505 ville

434 2535 600 2606 Dovorre
616 2532 661 2605 ad
678 2530 821 2604 ffestum
840 2530 1049 2605 Nativitatis
1065 2532 1181 2605 Sancti
1204 2533 1376 2627 Johannis
1400 2532 1558 2630 Baptiste
1582 2557 1642 2606 sex

434 2633 597 2709 denarios
612 2631 864 2729 sterlingorum
881 2632 1039 2706 annualis
1055 2633 1239 2707 redditus:
1266 2649 1303 2707 et
1319 2633 1398 2706 vult
1420 2649 1457 2706 et
1482 2634 1642 2707 concedit

435 2734 615 2834 predictus
639 2732 817 2827 Johannes
841 2731 1000 2806 Hancok
1024 2758 1091 2831 pro
1115 2759 1152 2807 se
1175 2749 1212 2806 et
1237 2733 1424 2808 heredibus
1448 2735 1520 2806 suis
1543 2734 1641 2834 quod

435 2835 523 2908 bene
538 2835 640 2907 liceat
670 2833 803 2935 Majori
826 2850 862 2906 et
886 2835 1020 2928 Juratis
1044 2834 1128 2907 ville
1154 2835 1311 2932 predicte
1336 2835 1551 2935 quicumque
1577 2861 1642 2935 pro

435 2956 594 3036 tempore
624 2932 758 3008 fuerint
787 2950 823 3008 et
852 2959 976 3007 eorum
1005 2936 1192 3009 attornatis
1221 2961 1287 3033 pro
1316 2935 1477 3033 predicto
1502 2937 1641 3016 annuali

435 3037 578 3113 redditu
605 3034 791 3152 quosciens
816 3050 931 3108 aretro
957 3033 1065 3109 fuerit
1093 3037 1130 3109 in
1157 3037 1315 3134 predicta
1341 3052 1434 3111 terra
1461 3061 1541 3110 cum
1571 3038 1642 3111 suis

436 3138 659 3238 pertinenciis
674 3136 895 3234 distringere,
912 3152 948 3208 et
969 3135 1208 3210 districciones
1233 3137 1406 3211 abducere
1430 3153 1466 3210 et
1492 3140 1642 3212 retinere

435 3265 620 3340 quousque
636 3240 680 3313 de
698 3237 857 3335 predicto
874 3235 1028 3328 redditu,
1046 3252 1082 3310 et
1099 3237 1145 3311 de
1161 3238 1326 3312 omnibus
1342 3239 1525 3338 arreragiis
1548 3241 1642 3340 ejus-

435 3342 529 3430 dem,
547 3339 612 3412 sibi
630 3337 741 3410 fuerit
758 3335 909 3435 plenarie
925 3335 1166 3412 satisfactum:
1193 3357 1229 3413 et
1255 3338 1434 3437 prodictus
1460 3340 1582 3441 Major
1606 3358 1641 3414 et

435 3441 549 3537 Jurati
579 3457 615 3512 et
644 3461 856 3510 successores
884 3436 938 3509 sui
967 3438 1110 3512 nomine
1137 3439 1232 3513 dicte
1259 3439 1536 3514 communitatis
1562 3467 1642 3541 pre-

435 3541 567 3617 dictam
609 3555 739 3611 terram
781 3562 863 3610 cum
905 3537 978 3610 suis
1025 3541 1249 3637 pertinenciis
1301 3540 1439 3639 prefato
1489 3543 1640 3636 Johanni

437 3641 608 3729 Hancok,
635 3636 823 3712 heredibus
848 3652 885 3710 et
911 3638 1093 3739 assignatis
1119 3641 1203 3730 suis,
1230 3659 1355 3715 contra
1383 3667 1505 3716 omnes
1521 3660 1643 3744 gentes

436 3739 714 3817 warantizabunt
740 3740 1013 3837 imperpetuum.

513 3845 555 3917 In
573 3842 672 3942 eujus
688 3841 738 3913 rei
755 3841 1000 3914 testimonium
1018 3843 1169 3939 presenti
1188 3857 1280 3916 carte
1292 3843 1473 3918 indentate
1484 3844 1642 3945 sigillum

438 3944 542 4020 officii
561 3943 760 4043 Majoratus
777 3939 860 4014 ville
876 3943 1040 4016 Dovorre
1058 3943 1275 4040 presentibus
1291 3959 1345 4017 est
1361 3969 1565 4060 appensum.

513 4047 606 4118 Data
629 4043 724 4143 apud
749 4043 952 4116 Dovorram
978 4043 1176 4141 penultimo
1201 4043 1258 4117 die
1284 4069 1414 4119 mensis
1442 4047 1532 4120 Maii
1550 4071 1642 4120 anno

437 4147 537 4248 regni
557 4144 663 4244 Regis
678 4142 859 4232 Edwardi,
877 4144 993 4243 quarti
1012 4159 1092 4241 post
1109 4162 1340 4244 conquestum
1360 4145 1504 4244 Anglie,
1530 4163 1639 4222 sexto.

515 4250 557 4321 In
590 4247 704 4319 dorso:
755 4244 1047 4343 Horspotwarde,
1082 4246 1260 4339 Johannes
1296 4245 1481 4336 Hancok;
1532 4251 1643 4324 modo

438 4348 640 4423 Willelmus
669 4345 796 4436 ffoche‚
827 4345 937 4419 modo
970 4344 1146 4420 Robertus
1179 4348 1328 4444 Kocyer,
1367 4349 1478 4424 modo
1515 4350 1643 4424 Petrus

438 4449 569 4540 Darell‚
598 4449 707 4522 modo
732 4447 770 4521 in
797 4445 957 4522 manibus
982 4447 1154 4542 Johannis
1180 4449 1224 4522 de
1251 4448 1381 4522 Wode.

441 4552 526 4652 [39]
