3728 5258
412 445 480 542 136
771 445 952 522 novun
978 445 1258 522 cunnrnns

880 782 881 785 κ
913 745 1101 826 XLIV.

693 901 897 1002 Die'Sancti
913 933 1113 1014 Laurentii,
1129 949 1145 999 r
1163 934 1256 1003 Hen.
1273 933 1332 1000 lv.

407 1085 555 1160 Scrarvr
582 1101 761 1184 presentes
787 1101 824 1159 et
853 1084 967 1160 futuri
999 1087 1096 1188 quod
1126 1113 1190 1164 nos
1216 1087 1395 1182 Johsnnes
1419 1087 1551 1188 Aleyn,
1581 1102 1617 1159 et

409 1186 593 1262 Henricus
641 1187 761 1286 Aleyn
804 1185 913 1261 frater
964 1213 1074 1276 meus,
1125 1188 1170 1262 de
1211 1187 1410 1281 Sttnforde,
1452 1187 1618 1264 dedimus

408 1289 644 1362 concessimus
676 1303 724 1378 et,
760 1289 823 1362 hac
856 1289 1010 1388 presenti
1037 1304 1132 1364 carta
1164 1305 1296 1378 nostra,
1331 1288 1619 1364 confirmavimus

409 1388 551 1463 Thome
580 1405 636 1464 ate
653 1389 824 1466 Crowche
841 1390 886 1464 de
903 1391 1071 1464 Dovorra
1100 1391 1336 1466 reversionem
1363 1389 1511 1465 dimidie
1539 1415 1617 1464 acre

408 1504 500 1564 terre
524 1490 674 1592 jacentis
701 1493 739 1564 in
764 1490 972 1566 Casteidsne
983 1491 1089 1592 juxta
1112 1490 1294 1590 Cophelle,
1321 1491 1497 1586 videlicet,
1524 1491 1618 1565 inter

409 1607 539 1666 terram
572 1592 747 1688 Johannis
788 1593 881 1666 Gilis
920 1617 1044 1668 versus
1085 1609 1183 1683 west,
1226 1610 1262 1668 ct
1303 1608 1434 1666 terram
1475 1593 1617 1666 Thome

410 1693 622 1768 Robeshone
638 1717 760 1768 versus
770 1693 910 1780 northe,
924 1709 960 1768 et
970 1709 1101 1768 terram
1141 1693 1296 1769 uondrm
1308 1692 1473 1793 Stephani
1488 1693 1618 1768 Clerke

409 1820 531 1868 versus
556 1811 640 1886 east,
667 1809 703 1868 et
729 1795 823 1868 inter
856 1809 986 1870 terram
1013 1794 1100 1870 dicti
1166 1795 1271 1869 home
1300 1795 1471 1870 Crowche
1497 1819 1619 1869 versus

410 1896 549 1986 southe,
584 1921 654 1996 que
696 1895 841 1996 quidem
883 1895 1032 1970 dimidia
1072 1911 1272 1971 amaretne
1314 1911 1395 1996 post
1436 1896 1618 1971 decessum

409 1997 570 2091 Johanne
587 1996 708 2071 uxoris
718 1995 803 2071 dicti
821 1995 962 2070 Thome
979 2013 1035 2070 ate
1054 1995 1225 2072 Crovvche
1236 1996 1338 2071 nobis
1353 1996 1619 2094 dictisjohrnni

410 2113 446 2170 et
476 2097 639 2172 Henrico
663 2098 745 2199 jure
778 2096 993 2172 hereditario
1021 2097 1175 2172 accidere
1201 2097 1370 2174 deberet:
1398 2098 1549 2173 hubend’
1582 2114 1619 2171 et

410 2197 553 2272 tenend’
580 2199 816 2273 reversionem
842 2198 937 2272 dicte
963 2198 1109 2273 dimidie
1136 2224 1212 2272 acre
1229 2217 1322 2275 terre
1346 2223 1429 2272 cum
1453 2198 1620 2274 omnibus

411 2301 484 2373 suis
521 2299 745 2398 pertinenciis
796 2323 877 2372 cum
920 2299 1084 2374 acciderit
1132 2317 1213 2400 post
1254 2302 1436 2376 decessum
1486 2297 1619 2418 prefate

409 2402 572 2497 Johanne
589 2401 749 2500 predicto
765 2400 908 2474 Thome
917 2416 973 2474 ate
991 2401 1173 2492 Crowche,
1183 2401 1372 2476 heredibus
1388 2417 1423 2476 et
1436 2401 1620 2502 assignatis

410 2503 486 2604 ejus
503 2501 781 2602 imperpetuum,
799 2501 843 2575 de
860 2500 1067 2599 capitalibus
1083 2503 1155 2576 suis
1171 2502 1326 2577 dominis
1335 2501 1431 2576 feodi
1445 2502 1539 2576 illius
1555 2527 1618 2600 per

412 2602 557 2677 servicia
584 2603 667 2679 inde
693 2601 813 2677 debita
842 2617 878 2676 et
895 2602 1034 2703 dejure
1063 2619 1240 2680 consueta
1295 2603 1346 2678 Et
1373 2628 1438 2676 nos
1467 2603 1617 2703 predicti

411 2705 591 2799 Johannes
619 2721 656 2778 et
685 2703 879 2792 Henricus,
902 2719 939 2778 et
961 2703 1107 2778 heredes
1123 2705 1247 2794 nostri,
1264 2704 1500 2780 reversionem
1525 2705 1619 2780 dicte

413 2804 560 2879 dimidie
593 2830 671 2880 acre
710 2821 802 2880 terre
842 2830 923 2880 curn
961 2804 1127 2879 omnibus
1163 2805 1236 2881 suis
1275 2805 1500 2905 pertinenciis
1536 2830 1617 2878 cum

411 2905 577 2981 acciderit
593 2923 635 2981 ut
651 2905 830 3006 prefertur
842 2905 1004 3006 predicto
1013 2905 1154 2981 Thome
1170 2923 1226 2981 ate
1237 2905 1418 2999 Crowche,
1432 2905 1620 2980 heredibus

409 3023 446 3082 et
487 3007 670 3109 assignatis
710 3008 794 3101 suis,
836 3023 961 3082 contra
1002 3032 1126 3081 omnes
1158 3025 1282 3107 gentes
1314 3007 1620 3082 warantizabimus

410 3110 682 3208 imperpetuum

487 3211 529 3283 ln
559 3211 658 3314 cujus
691 3209 741 3283 rei
775 3208 1018 3283 testimonium
1051 3209 1136 3284 huic
1169 3209 1322 3308 presenti
1365 3225 1457 3284 curte
1500 3226 1618 3283 nostre

411 3310 526 3410 sigilla
550 3328 670 3386 nostra
694 3310 932 3409 apposuimus.

489 3413 584 3486 Data
612 3415 777 3487 Dovorra
803 3410 861 3484 die
892 3410 1009 3485 Sancti
1039 3410 1223 3484 Laurentii
1256 3437 1350 3486 anno
1375 3411 1475 3512 regni
1510 3410 1620 3510 Regis

414 3512 579 3602 Henrici,
603 3512 723 3614 ¹quarti
749 3527 830 3611 post
855 3527 1087 3611 conquestum
1112 3512 1255 3613 Anglie,
1283 3513 1413 3610 primo.

487 3612 575 3687 Hiis
604 3613 773 3687 testibus:
800 3613 962 3707 Johanne
996 3612 1098 3702 Giiis,
1133 3629 1218 3686 tunc
1249 3613 1391 3714 Majore
1426 3615 1617 3701 Dovorre;

370 3747 373 3756 ·
414 3715 577 3808 Johanne
621 3713 769 3804 Gerold,
812 3713 975 3802 Ballivo;
1018 3712 1194 3787 Nicholao
1245 3713 1417 3802 Sisour;
1458 3714 1619 3808 Johanne

412 3815 604 3890 Evebroke
622 3839 632 3904 ;
661 3814 815 3889 Ricardo
827 3830 882 3887 ste
893 3813 1029 3914 Berghe
1044 3839 1055 3903 ;
1071 3815 1233 3910 Johanne
1291 3839 1416 3890 amone
1431 3839 1442 3902 ;
1459 3815 1619 3910 johanne

411 3917 631 3992 Sandercoke
649 3941 659 4005 ;
687 3916 795 3989 Petro
811 3917 1000 4004 Gustone;
1028 3916 1180 3991 Ricardo
1197 3915 1398 4006 Sedenore;
1423 3931 1459 3990 et
1477 3915 1563 3991 aliis.

415 4316 564 4417 [vro]
