3744 5296
765 475 946 550 DOVER
973 473 1252 552 CHARTERS

990 775 1079 858 x1.

853 975 876 1021 v
892 954 990 1029 Maii,
1007 969 1046 1035 13
1061 953 1161 1022 Edw.
1179 971 1206 1021 1.

427 1109 653 1184 Enwnnnus
676 1109 734 1184 dei
751 1109 876 1210 gracia,
903 1125 984 1199 etc,
1012 1107 1250 1203 dilecto‚·etc.
1303 1109 1402 1208 Quia
1427 1135 1469 1183 ex
1495 1109 1638 1209 querela

427 1212 606 1284 Baronum
634 1227 839 1285 nostrorum
856 1212 900 1285 de
931 1211 1158 1284 ffrvereshsm
1175 1213 1373 1327 accepimus
1397 1212 1495 1310 quod
1513 1233 1578 1285 vos
1600 1228 1636 1284 et

427 1311 554 1385 Ballivi
572 1313 678 1388 vestri
697 1313 855 1386 ibidem
847 1335 942 1410 ipsos
960 1314 1114 1385 Barones
1131 1311 1175 1386 ad
1193 1313 1339 1387 servicia
1362 1311 1520 1385 indebita
1536 1311 1638 1386 vobis

427 1412 578 1488 faciend'
603 1415 761 1514 graviter
786 1413 1011 1512 distringitis,
1028 1429 1064 1486 et
1089 1436 1166 1505 vos,
1185 1428 1308 1486 contra
1332 1412 1512 1513 quandam
1538 1437 1638 1486 com-

427 1539 645 1612 posrctonem
656 1531 747 1589 mter
760 1539 827 1589 vos
840 1515 967 1612 ipsos
979 1531 1103 1588 rmtam
1105 1513 1637 1614 ,inquietatisetmultipliciter

425 1617 580 1716 gravatis
607 1618 724 1690 minus
737 1616 836 1716 juste
853 1615 890 1687 in
917 1615 1075 1713 ipsorum
1103 1615 1282 1691 Beronum
1312 1615 1538 1731 dispendium
1566 1639 1636 1688 non

426 1717 609 1790 modicum
643 1734 678 1790 et
712 1740 925 1816 gravamen:
969 1715 1050 1789 Nos
1083 1715 1214 1791 eisdem
1250 1714 1493 1790 Batonibus
1485 1715 1637 1816 rnjurare

427 1817 627 1892 nolentes
619 1843 656 1890 ιιι
691 1818 754 1890 hac
788 1833 887 1914 parte
917 1816 1018 1890 vobis
1052 1819 1270 1907 mandamus,
1305 1819 1397 1891 sicut
1421 1817 1505 1891 alias
1538 1841 1639 1890 man-

426 1919 601 2007 davimus,
620 1918 720 2020 quod
737 1917 782 1992 ab
799 1918 1002 2019 hujusmodi
1021 1917 1305 1992 districtionibus
1321 1935 1358 1992 et
1373 1917 1636 2035 gravaminibus

426 2021 464 2093 in
482 1977 609 2094 debiti’s
622 2018 844 2118 prefatorum
861 2020 1039 2094 Baronum
1057 2035 1180 2092 contra
1196 2019 1327 2094 dictam
1341 2021 1637 2118 composicionem

427 2122 472 2195 de
499 2139 617 2194 cetero
651 2119 823 2194 inferend’
858 2120 1046 2208 desistatis,
1081 2136 1117 2193 ct
1151 2120 1300 2194 ballivos
1333 2137 1472 2194 vestros
1505 2119 1637 2194 ibidem

427 2222 594 2294 desistere
624 2220 770 2313 faciatis,
789 2221 993 2336 predictam
1019 2222 1318 2319 composicionem
1341 2221 1446 2337 juxta
1474 2238 1635 2295 tenorem

428 2323 625 2422 eju[sdem]
654 2339 764 2422 prout
783 2321 923 2422 justum
949 2320 1059 2395 fuerit
1089 2321 1360 2410 observantes,
1346 2339 1450 2422 Juxta
1475 2339 1636 2396 tenorem

428 2424 572 2497 alterius
591 2424 746 2497 mandati
765 2423 877 2498 nostri
894 2423 991 2522 quod
1009 2423 1092 2496 inde
1109 2423 1299 2522 recepistis,
1317 2424 1372 2496 Ita
1388 2425 1487 2524 quod
1504 2424 1636 2497 clamor

427 2527 471 2600 ad
489 2551 553 2598 nos
571 2526 652 2599 inde
669 2549 739 2598 non
766 2524 947 2623 perveniat
963 2525 1110 2598 iteratus
1127 2549 1188 2624 per
1204 2525 1354 2625 quod
1325 2550 1374 2597 ers
1391 2523 1560 2600 alterius
1544 2524 1637 2625 Juris

426 2627 583 2701 remedio
616 2651 721 2724 super
749 2627 816 2699 hoc
845 2625 1034 2698 subvenire
1061 2624 1262 2713 debeamus,
1290 2625 1346 2698 vel
1372 2651 1509 2700 causam
1534 2625 1636 2700 nobis

425 2727 631 2828 significetis
655 2751 765 2828 quare
789 2725 959 2827 premissa
983 2725 1098 2800 facere
1124 2753 1195 2800 non
1222 2725 1423 2802 debeatis.

502 2831 611 2902 Teste
630 2854 685 2902 me
710 2829 789 2945 ipso
805 2827 900 2944 apud
926 2827 1288 2902 Westmonasterium
1315 2828 1451 2928 quinto
1459 2828 1517 2902 dia
1543 2828 1635 2902 Maii

427 2956 520 3004 anno
545 2931 645 3031 regni
665 2930 777 3004 nostri
803 2930 915 3003 tercio
939 2929 1090 3003 decimo.
