3702 5254
451 387 525 464 ³70
806 361 984 438 novur
1011 361 1288 436 cunarum

949 557 1148 643 cv111.

696 727 697 730 '
808 731 1310 816 xxvlilchobrlstMarle.

452 893 608 982 Mittin,
640 917 703 968 our
732 917 881 967 sunem
908 896 1079 982 Antonin,
1101 891 1257 982 ffrancie,
1274 909 1310 965 et
1328 891 1505 964 Hibernie
1521 889 1660 990 regina,

449 993 532 1067 fidei
558 992 747 1083 Defensor,
776 1011 813 1067 et
833 995 870 1067 in
888 1010 981 1068 terra
1002 993 1158 1068 Ecclesie
1182 993 1381 1092 Anglicane
1407 1009 1443 1066 et
1461 991 1660 1065 Hibemice

449 1096 661 1194 Supremum
684 1095 813 1193 Caput,
839 1119 1011 1170 ounrsus
1036 1096 1081 1170 ad
1110 1118 1203 1193 quos
1229 1111 1408 1192 presentes
1437 1094 1554 1166 littere
1576 1117 1661 1190 per-

448 1195 826 1270 venerint-Salutem.
894 1197 1045 1270 Scrn‘rrs
1083 1196 1181 1295 quod
1215 1219 1280 1268 nos
1312 1195 1358 1270 de
1390 1193 1505 1294 gracia
1537 1209 1660 1266 nostra

449 1296 588 1396 speciali
605 1322 645 1371 ac
661 1322 705 1370 ex
729 1313 824 1370 oerta
839 1295 986 1370 sciencia
1002 1313 1038 1371 et
1055 1320 1155 1370 mero
1171 1311 1273 1370 motu
1296 1295 1427 1370 nostris
1441 1295 1604 1370 dedimus
1620 1311 1658 1366 et

452 1399 700 1486 concessimus,
716 1421 755 1471 ac
772 1421 834 1496 per
850 1413 1029 1495 presentes
1054 1397 1182 1471 damus
1206 1413 1241 1470 et
1263 1397 1501 1484 concedimus,
1521 1395 1658 1469 dilectis

451 1499 581 1572 nostris
599 1498 744 1599 Majori,
757 1499 902 1592 Juratis,
917 1513 955 1571 et
966 1497 1223 1572 Communitati
1236 1496 1320 1572 ville
1332 1513 1451 1571 nosne
1462 1496 1508 1570 de
1520 1499 1657 1583 Dovor,

451 1600 488 1672 in
521 1599 693 1673 comitatu
725 1614 848 1674 nostro
881 1599 1026 1688 Ksncie,
1061 1598 1237 1698 rivagium
1262 1613 1299 1672 et
1332 1596 1519 1698 feriagium
1544 1596 1659 1672 tocius

451 1717 576 1800 portus
601 1699 712 1774 nostri
737 1700 783 1774 de
808 1701 946 1790 Dovor,
972 1701 1009 1773 in
1034 1699 1134 1773 dicto
1158 1699 1332 1774 comitatu
1365 1715 1487 1772 nostro
1512 1697 1657 1784 Kancie,

452 1801 498 1874 de
543 1799 710 1874 omnibus
751 1815 788 1874 et
825 1800 1042 1874 omnimodis
1082 1798 1208 1873 cimbis
1257 1799 1332 1874 sive
1373 1799 1526 1874 battellis
1567 1797 1660 1871 infra

453 1917 598 1999 portum
628 1901 828 2000 predictum
861 1925 928 1998 pro
960 1899 1198 1976 conduccione
1225 1899 1411 1975 hominum
1440 1917 1476 1972 et
1510 1898 1658 1972 aliarum

452 2027 572 2076 rerum
598 2027 620 2075 a
642 2001 719 2100 ripa
739 2015 863 2100 portus
887 2001 1038 2100 predicti
1063 2025 1175 2100 usque
1199 2001 1245 2074 ad
1270 2025 1375 2075 naves
1398 2001 1435 2074 in
1457 2000 1658 2100 predictum

453 2117 609 2202 portum,
643 2127 683 2174 ac
724 2101 761 2174 in
803 2101 876 2176 alto
918 2101 1004 2176 mari
1045 2126 1158 2200 prope
1194 2115 1339 2200 portum
1384 2101 1582 2200 predictum
1613 2100 1658 2172 ad

451 2227 613 2276 ancoram
641 2201 806 2303 jacentes,
838 2217 875 2276 et
901 2227 922 2276 a
947 2199 1096 2277 navibus
1121 2201 1192 2276 illis
1216 2226 1330 2301 usque
1363 2203 1407 2276 ad
1433 2203 1549 2300 ripam
1576 2227 1660 2299 pre-

451 2303 585 2377 dictam
605 2301 824 2378 conducend'
846 2317 883 2376 et
908 2302 1167 2402 transportand'
1185 2303 1235 2376 ita
1257 2303 1358 2402 quod
1385 2303 1505 2376 nullus
1526 2301 1659 2376 ibidem

454 2404 590 2518 aliquas
622 2429 678 2476 res
718 2403 793 2476 sive
834 2402 971 2504 aliquos
1004 2403 1166 2478 homines
1202 2427 1283 2477 cum
1327 2401 1501 2503 aliquibus
1534 2401 1661 2476 cimbis

451 2503 591 2578 vasibus
631 2503 705 2576 sive
745 2501 882 2578 batellis
922 2505 989 2578 nisi
1026 2519 1166 2579 tantum
1200 2504 1311 2578 modo
1351 2503 1388 2577 in
1417 2502 1553 2578 batellis
1585 2504 1661 2576 sive

454 2603 594 2677 vasibus
626 2603 901 2678 inhabitandum
931 2605 1027 2680 dicte
1055 2603 1138 2678 ville
1163 2604 1207 2678 de
1234 2606 1363 2678 Dovor
1382 2605 1577 2679 conducere
1603 2606 1660 2677 vel

452 2720 691 2803 transportare
735 2721 919 2878 presumat
968 2705 1043 2779 sine
1093 2705 1236 2779 licencia
1285 2705 1443 2802 ipsorum
1495 2704 1658 2806 Majoris,

452 2807 669 2901 Juratorum,
685 2819 722 2878 et
767 2806 1013 2881 ommunitatis
1030 2803 1086 2878 vel
1100 2806 1365 2905 assignatorum.
1409 2807 1661 2895 Hassuoun,

455 2905 634 2996 rsuuuo’,
662 2906 876 2995 onuonuo',
893 2921 929 2979 et
953 2906 1186 2979 exercendum
1211 2906 1387 3004 rivagium
1409 2922 1445 2979 et
1471 2904 1660 3005 feriagium

452 3007 652 3105 predictum
670 3031 750 3079 cum
764 3005 928 3079 omnibus
950 3024 987 3079 et
1002 3005 1149 3105 singulis
1169 3007 1480 3080 commoditatibus
1495 3007 1662 3104 proficuis

453 3105 720 3180 revencionibus
752 3124 789 3180 et
826 3106 1045 3207 advantngiis
1086 3106 1381 3206 quibuscumque,
1415 3133 1485 3206 que
1526 3105 1658 3180 eisdem

454 3207 590 3307 rivagio
630 3223 667 3282 et
708 3205 773 3279 feri
820 3207 855 3280 'o
896 3205 940 3280 ab
981 3207 1129 3306 antiquo
1180 3207 1359 3305 pertinent
1399 3223 1559 3306 spectant
1597 3234 1661 3282 seu

455 3307 672 3396 incumbent,
722 3332 786 3405 pre
801 3307 868 3380 atis
915 3307 1060 3408 Majori,
1105 3307 1251 3402 Juratis,
1302 3323 1339 3381 et
1398 3308 1660 3382 Communitati

455 3408 549 3482 dicte
565 3407 649 3482 ville
676 3424 795 3481 nostre
810 3408 856 3481 de
873 3408 999 3482 Dovor
1015 3423 1052 3481 et
1076 3406 1333 3482 successoribus
1357 3407 1429 3481 suis
1447 3406 1661 3509 Majoribus,

454 3507 598 3604 Juratis,
632 3524 669 3581 et
699 3507 957 3582 Communitati
998 3507 1156 3609 ejusdem
1188 3507 1273 3582 ville
1306 3508 1582 3607 imperpetuum,
1616 3511 1661 3583 ad

455 3607 639 3708 proprium
672 3631 764 3706 opus
796 3623 832 3682 et
862 3633 966 3681 usum
996 3609 1153 3706 ipsorum
1183 3609 1342 3725 Majoris,
1370 3611 1591 3704 Juratorum,
1626 3628 1662 3684 et

455 3708 734 3782 Communitatis
759 3725 795 3781 et
816 3733 1057 3782 successorum
1078 3733 1227 3783 suorum
1247 3726 1511 3808 imperpetuum
1531 3711 1663 3810 absque

454 3825 622 3907 compoto
654 3833 715 3881 seu
749 3809 869 3907 aliquo
902 3809 969 3883 alio
1011 3834 1077 3908 pro
1118 3809 1202 3884 inde
1243 3808 1344 3883 nobis
1376 3811 1563 3885 heredibus
1606 3812 1663 3885 vel

455 3907 711 3984 successoribus
735 3911 993 4009 quoquomodo
1017 3909 1189 3983 reddend'
1214 3909 1374 3984 solvend’
1404 3911 1460 3984 vel
1487 3909 1660 3987 faciend':

454 4011 624 4085 Proviso
640 4033 777 4106 semper
792 4009 1053 4183 quoderedicti
1069 4011 1201 4111 Major,
1210 4010 1339 4104 Jurati,
1357 4027 1392 4084 et
1403 4011 1661 4100 Communitas,

454 4111 548 4186 dicte
565 4109 648 4184 ville
664 4125 783 4183 nostre
809 4108 855 4182 de
923 4133 1012 4182 ovor
1030 4125 1068 4184 et
1092 4135 1307 4185 successores
1332 4111 1385 4184 sui
1412 4137 1479 4209 pro
1503 4129 1665 4211 tempore

452 4209 640 4286 existentes
671 4209 791 4284 omnia
830 4207 964 4282 litteras
1005 4225 1041 4282 et
1083 4210 1213 4309 scripta
1254 4227 1374 4286 nostra
1415 4213 1583 4286 heredum
1626 4231 1664 4286 et
