3702 5254
406 497 479 569 310
764 467 946 543 oovssn
972 465 1250 542 cunntuns

403 680 495 754 datis
523 702 628 776 super
659 673 865 750 vendicione
895 673 1038 748 illicita:
1081 675 1231 748 Necnon
1260 700 1385 750 omnes
1421 693 1457 750 et
1495 677 1613 751 omni-

404 780 526 854 modas
542 777 722 866 falsitates,
739 777 976 875 decepciones,
997 774 1160 864 offensas,
1186 777 1224 848 in
1251 774 1386 850 factura
1413 803 1611 878 pannorum

402 882 597 967 laneorum,
630 895 667 951 et
700 879 737 950 in
770 877 988 950 extraccione
1022 877 1059 950 in
1093 875 1280 951 latitudine
1313 895 1350 952 et
1386 879 1611 978 longitudine

400 981 610 1067 eorundem,
643 1004 682 1052 ac
716 1003 839 1052 omnes
876 977 1055 1066 falsitates,
1097 978 1336 1076 deceptiones,
1379 979 1540 1067 offensas,
1575 996 1611 1053 et

404 1083 645 1180 misprisiones
673 1104 807 1179 pannos
835 1079 954 1153 laneos
983 1095 1242 1166 concernentes,
1278 1105 1318 1153 ac
1346 1083 1547 1179 empciones
1576 1098 1612 1153 et

405 1183 628 1258 vendiciones
653 1205 960 1282 quorumcumque
986 1183 1166 1254 laneorum
1194 1205 1393 1279 pannorum
1419 1207 1491 1256 non
1515 1183 1611 1280 sigil-

405 1285 570 1371 latorum,
604 1283 660 1357 vel
691 1307 762 1355 non
792 1281 1019 1354 existentium
1048 1284 1093 1355 de
1121 1296 1195 1355 tam
1226 1282 1318 1354 bona
1350 1280 1486 1356 factura
1523 1284 1614 1356 sicut

404 1403 519 1458 essent
536 1400 597 1458 aut
613 1382 794 1470 deberent,
812 1409 874 1482 per
891 1381 1043 1456 formam
1060 1383 1260 1482 aliquorum
1290 1398 1505 1458 statutorum
1532 1384 1614 1458 inde

405 1489 585 1561 editorum
612 1510 650 1558 ac
678 1510 740 1582 per
766 1483 1058 1558 consuetudinem
1085 1500 1121 1556 et
1148 1484 1262 1583 legem
1289 1501 1395 1574 terre,
1411 1486 1468 1559 vel
1487 1487 1611 1558 aliter:

407 1592 463 1660 Ac
493 1612 616 1660 omnes
644 1601 680 1658 et
710 1584 933 1658 omnimodas
962 1585 1162 1682 empciones
1187 1601 1223 1658 et
1258 1586 1482 1659 vendiciones
1508 1611 1615 1686 quas-
1711 1659 1715 1668 ,

407 1713 559 1788 cumque
589 1686 751 1760 omnium
781 1686 947 1758 vinorum
977 1685 1137 1760 oleorum
1168 1685 1372 1760 victualium
1402 1705 1438 1760 et
1467 1687 1614 1760 aliarum

408 1789 702 1863 mercandisarum
720 1813 791 1860 non
809 1802 1072 1887 gaugeatarum,
1090 1803 1126 1861 et
1143 1788 1367 1861 detenciones
1393 1805 1430 1861 et
1454 1786 1616 1861 forisfac-

407 1910 503 1965 turas
520 1889 725 1974 eorundem,
744 1913 806 1986 per
823 1891 918 1985 ipsos
939 1887 1128 1988 Majorem,
1146 1886 1335 1978 Ballivum,
1352 1905 1388 1962 et
1405 1889 1617 1963 Communi-

407 2009 515 2066 tatem
544 2007 626 2064 ante
655 1989 854 2088 predictum
883 1988 978 2062 diem
1007 1990 1312 2089 qualitercumque
1341 2007 1376 2063 et
1414 1991 1616 2090 quosciens-

408 2117 560 2192 cumque
594 2089 685 2164 facts
718 2089 835 2163 habita
867 2089 1052 2162 commissa
1084 2090 1158 2162 sive
1200 2107 1420 2188 perpetrate:
1466 2092 1615 2165 Necnon

406 2192 681 2292 eskippsciones,
720 2191 988 2279 conducciones,
1025 2190 1250 2264 inducciones
1287 2193 1331 2265 ad
1369 2209 1490 2280 terras,
1522 2193 1619 2292 posi-

407 2293 537 2380 ciones,
571 2291 823 2377 traducciones,
857 2290 1075 2380 educciones,
1112 2293 1379 2390 asportaciones‚
1423 2309 1459 2367 et
1503 2309 1618 2366 trans-

409 2395 628 2494 portationes
665 2416 975 2492 quorumcumque
1012 2393 1188 2466 bonorum
1226 2410 1262 2466 et
1300 2393 1505 2467 catellorum
1541 2393 1616 2468 auri

407 2495 542 2594 argenti
557 2491 612 2568 vel
628 2494 778 2566 aliorum
798 2493 1109 2567 mercimoniorum
1132 2494 1433 2568 mercandizarum
1450 2510 1485 2568 et
1499 2520 1617 2568 rerum

435 2619 726 2692 uarumcumque,
745 2611 816 2666 tam
843 2593 888 2667 ab
911 2594 978 2666 hoc
1004 2618 1115 2693 regno
1132 2595 1276 2694 Anglie,
1292 2594 1377 2669 villa
1394 2596 1507 2683 Cales,
1524 2611 1618 2668 terra

408 2621 599 2784 llibernie,
617 2710 653 2767 et
671 2693 845 2767 Marchiis
860 2693 1001 2784 Wallie,
1017 2693 1076 2770 vel
1092 2694 1185 2784 alibi,
1202 2697 1239 2770 in
1256 2720 1408 2795 regnum
1433 2696 1541 2770 Dacie
1562 2696 1618 2768 vel

409 2797 452 2870 ad
478 2798 561 2870 alias
588 2811 703 2895 partes
729 2795 974 2868 transmarinas
1000 2821 1250 2896 quascumque,
1278 2821 1387 2896 quam
1415 2823 1435 2870 a
1462 2797 1619 2896 partibus

410 2897 539 2987 leland,
577 2897 778 2996 Norwegie,
813 2912 849 2969 et
884 2896 960 2970 aliis
997 2896 1154 2996 partibus
1189 2896 1429 2971 transmarinis
1470 2899 1619 2997 quibus-

410 3024 576 3099 cumque,
593 2999 629 3071 in
647 2999 714 3071 hoc
730 3023 880 3098 regnum
898 3013 1060 3070 nostrum
1073 2997 1215 3097 Anglie,
1229 2997 1348 3072 villam
1362 2999 1472 3086 Cales,
1488 3016 1618 3072 terram

411 3099 600 3188 Hibernie,
618 3097 674 3172 vel
693 3099 871 3172 Marchias
896 3099 1038 3187 Wallie,
1063 3123 1125 3171 seu
1150 3098 1257 3188 alibi3
1284 3124 1324 3173 ac
1348 3099 1619 3174 induccioncsa

411 3201 569 3299 partibus
610 3199 763 3274 externis
804 3215 840 3272 et
882 3199 1120 3272 transmarinis
1157 3199 1438 3300 quibuscumque
1476 3203 1513 3272 in
1552 3202 1620 3274 hoc

410 3326 562 3401 regnum
580 3317 743 3374 nostrum
762 3299 893 3398 Anglie
910 3324 1216 3398 quorumcumque
1228 3300 1470 3390 ribandorum‚
1484 3303 1621 3374 cinctu·

410 3427 541 3491 rarum,
572 3401 778 3490 cericorum,
809 3399 971 3497 piscium,
998 3425 1059 3472 seu
1086 3401 1231 3474 aliarum
1260 3401 1556 3476 mercandisarum
1583 3418 1619 3475 et

411 3528 530 3576 rerum
574 3524 849 3599 utrumcumque
866 3501 910 3574 ad
928 3501 1113 3590 vendmd',
1124 3519 1159 3576 ct
1172 3502 1395 3577 detenciones
1411 3504 1619 3592 eorundem,

410 3628 449 3675 ac
466 3527 716 3690 forislacturas,
733 3617 769 3674 et
791 3600 927 3675 valores
943 3602 1151 3690 eorundem,
1179 3627 1218 3676 ac
1245 3603 1468 3678 omnimodas
1494 3605 1620 3702 decep-

411 3705 540 3791 ciones,
557 3703 860 3802 transgressiones,
877 3718 913 3776 et
929 3702 1079 3776 offensas
1096 3704 1141 3776 de
1168 3719 1229 3776 aut
1254 3729 1322 3802 pro
1347 3703 1442 3778 falsis
1467 3706 1621 3804 ponder-

412 3804 491 3877 ibus
501 3820 536 3877 et
547 3803 721 3876 mensuris
730 3803 1034 3903 quibuscumque:
1061 3804 1211 3878 Necnon
1224 3805 1447 3880 omnimodas
1459 3806 1618 3897 offensas,

410 3904 710 4004 transgressiones,
746 3901 996 3994 forisfacturas,
1034 3904 1131 3994 fines,
1169 3931 1285 4003 penas,
1322 3922 1358 3980 et
1396 3924 1620 4007 contemptus

411 4023 532 4080 contra
564 4003 717 4078 formam
747 4005 1028 4094 ordinacionum,
1055 4022 1091 4078 et
1120 4003 1284 4079 effectum
1312 4033 1620 4106 quorumcumque

410 4123 639 4196 statutorum,
657 4123 815 4195 actuum,
832 4106 1111 4194 ordinacionum,
1129 4106 1203 4180 sive
1226 4109 1469 4206 provisionum
1496 4125 1620 4183 contra

411 4209 588 4283 usurarios
604 4224 640 4281 et
658 4233 841 4281 usurarum
860 4223 1118 4307 purpresturas,
1137 4209 1337 4308 regrataria,
1355 4227 1390 4283 et
1411 4208 1619 4284 forstallnria

409 4310 467 4383 vel
478 4325 662 4408 corruptas
672 4306 844 4382 indebitas
854 4325 915 4381 aut
933 4308 1071 4381 illicitas
1090 4307 1270 4411 barganias
1282 4310 1354 4386 sive
1366 4311 1617 4401 chevesancias,
