3728 5258
426 439 474 535 9⁶
786 436 961 512 novun
987 435 1263 513 cunnruns

955 734 1104 815 XXX

731 931 785 977 xx
806 911 1038 992 Septembris,
1059 921 1101 994 45
1121 910 1223 978 Edw.
1247 911 1313 980 111.

425 1072 577 1145 Nonum
621 1069 668 1144 sit
708 1066 875 1143 omnibus
925 1091 987 1166 per
1027 1082 1226 1182 presentem
1268 1067 1491 1145 indenturam
1533 1073 1632 1172 quod

421 1172 601 1267 Johannes
624 1186 697 1246 atte
717 1167 843 1257 Halle,
862 1167 984 1268 Major
1007 1168 1091 1241 ville
1111 1169 1286 1257 Dovorre,
1312 1185 1349 1244 et
1368 1170 1526 1272 ejusdem
1546 1173 1632 1247 ville

417 1273 528 1376 jurati
562 1298 628 1371 pro
661 1269 812 1346 utilitate
853 1267 968 1342 tocius
1001 1268 1265 1343 communitatis
1306 1270 1401 1346 dicte
1434 1273 1518 1349 ville
1546 1299 1633 1349 con-

423 1390 602 1450 cesserunt
643 1389 680 1448 ct
721 1369 932 1447 dimiserunt
964 1369 1010 1444 ad
1044 1368 1182 1444 firmam
1215 1370 1349 1446 Simoni
1382 1374 1563 1449 Walmere
1595 1391 1632 1450 et

424 1474 617 1552 Petronille
632 1473 734 1549 uxori
751 1498 813 1547 sue
832 1470 1011 1572 quandam
1028 1486 1157 1544 terram
1174 1469 1353 1572 jacentem
1372 1472 1464 1548 infra
1488 1475 1631 1550 liberta-

423 1593 498 1652 tem
521 1577 617 1652 dicte
642 1574 726 1648 ville
748 1575 786 1647 in
802 1571 1015 1661 Deffwarde,
1033 1571 1126 1645 inter
1148 1588 1277 1646 terram
1303 1573 1456 1649 Comitis
1477 1576 1630 1650 Oxonie’

424 1703 544 1753 versus
561 1677 733 1766 northest,
750 1690 788 1748 et
804 1673 938 1773 regiam
960 1688 1105 1747 stratam
1123 1697 1246 1747 versus
1262 1675 1469 1767 northwest,
1485 1693 1521 1752 et
1538 1678 1632 1754 inter

422 1794 669 1854 tenementum
690 1774 777 1851 dicti
793 1774 944 1850 Simonis
959 1789 997 1848 et
1018 1789 1148 1848 terram
1163 1774 1334 1869 Johannis
1359 1776 1494 1876 Wylde
1510 1804 1631 1853 versus

422 1882 593 1974 southest,
626 1895 663 1952 et
712 1891 955 1951 tenementum
996 1873 1083 1948 dicti
1123 1875 1296 1970 Johannis
1335 1876 1469 1979 Wylde
1510 1905 1631 1955 versus

423 1981 627 2070 southwest,
643 1977 859 2079 quequidem
875 1991 968 2050 terra
992 1974 1147 2074 pertinet
1163 1977 1207 2050 ad
1226 1975 1530 2055 Communitatem
1547 1981 1631 2055 ville

423 2081 579 2181 predicte
596 2106 663 2180 pro
679 2079 841 2180 pluribus
858 2075 1013 2152 serviciis
1029 2075 1167 2150 domini
1185 2078 1305 2178 Regis,
1322 2094 1358 2154 et
1373 2078 1449 2154 aliis
1465 2083 1631 2157 oneribus

423 2184 506 2258 inde
531 2181 660 2257 debitis
691 2180 737 2254 de
764 2178 911 2254 diversis
934 2177 1155 2276 temporibus
1180 2180 1387 2254 retroactis:
1419 2181 1568 2259 habend’
1594 2199 1630 2258 et

422 2283 564 2362 tenend’
598 2281 792 2380 predictam
824 2295 954 2354 terram
997 2303 1079 2352 cum
1112 2278 1186 2353 suis
1224 2281 1447 2379 pertinenciis
1486 2283 1631 2382 prefatis

422 2385 556 2458 Simoni
572 2399 608 2458 et
621 2380 813 2456 Petronille
830 2379 933 2454 uxori
950 2403 1022 2469 sue,
1033 2378 1239 2470 heredibus,
1257 2398 1293 2455 et
1305 2407 1430 2457 eorum
1448 2385 1630 2484 assignatis

423 2487 698 2585 imperpetuum,
716 2479 875 2556 ffaciend'
892 2479 975 2555 inde
999 2479 1187 2554 servicium
1203 2481 1339 2557 domini
1357 2484 1466 2584 Regis
1486 2488 1630 2585 quando

422 2586 579 2661 evenerit
618 2584 813 2658 secundum
863 2581 1154 2656 consuetudinem
1196 2599 1323 2681 portus
1364 2586 1542 2683 predicti;
1593 2604 1630 2663 et

422 2686 591 2764 reddend’
608 2685 692 2760 inde
708 2683 901 2772 annuatim,
913 2683 958 2755 ad
975 2680 1106 2757 festum
1124 2682 1266 2773 Pasche,
1283 2686 1528 2762 communitati
1546 2687 1628 2762 ville

423 2791 586 2862 Dovorre
610 2811 671 2861 sex
695 2785 859 2861 denarios
892 2784 1141 2883 sterlingorum
1170 2783 1269 2857 liberi
1303 2786 1464 2860 redditus
1496 2787 1629 2886 imper-

423 2906 580 2990 petuum.
649 2887 700 2962 Et
733 2885 1030 2988 quandocumque
1063 2883 1242 2983 predictus
1275 2889 1433 2960 annualis
1466 2889 1628 2964 redditus

422 3007 539 3065 aretro
565 2987 686 3081 fuerit,
704 2987 741 3060 in
758 3002 855 3086 parte
880 2985 939 3061 vel
964 2985 1000 3058 in
1026 3001 1116 3075 toto,
1130 2983 1218 3060 bene
1243 2985 1347 3060 liceat
1370 2990 1628 3064 successoribus

422 3090 670 3167 communibus
695 3089 790 3164 dicte
819 3085 1085 3163 communitatis
1117 3101 1154 3159 et
1185 3085 1262 3160 aliis
1287 3087 1456 3162 ministris
1485 3089 1556 3164 suis
1590 3092 1627 3165 in

421 3193 577 3292 predicta
601 3208 694 3265 terra
709 3187 931 3288 distringere,
949 3203 986 3261 et
1010 3184 1247 3261 districtiones
1271 3188 1421 3263 retinere
1443 3216 1627 3292 quousque

422 3295 466 3368 de
482 3292 647 3369 omnibus
663 3289 845 3390 arreragiis
861 3288 1018 3389 ejusdem
1036 3286 1188 3386 plenarie
1203 3287 1313 3363 fuerit
1329 3289 1557 3389 persolutum.

497 3395 539 3467 ln
562 3393 662 3494 cujus
681 3392 732 3466 rei
754 3389 999 3466 testimonium
1016 3407 1089 3463 tam
1113 3388 1269 3489 sigillum
1290 3391 1482 3492 majoratus
1502 3409 1628 3492 portus

420 3493 570 3595 predicti
611 3519 720 3595 quam
760 3490 916 3593 sigillum
959 3491 1139 3565 dictorum
1171 3490 1323 3565 Simonis
1363 3509 1400 3567 et
1433 3493 1627 3570 Petronille

420 3594 620 3671 alternatim
637 3610 720 3668 sunt
735 3617 893 3694 appensa

495 3700 589 3771 Data
613 3698 778 3770 Dovorra
802 3693 971 3770 vicesimo
989 3690 1048 3765 die
1064 3691 1277 3790 Septembris
1298 3718 1392 3767 anno
1411 3695 1511 3796 regni
1534 3699 1627 3797 regis

421 3797 601 3887 Edwardi,
634 3795 734 3871 tercii
776 3811 857 3894 post
899 3808 1131 3895 conquestum
1169 3794 1312 3894 Anglie,
1354 3796 1628 3898 quodragesimo

418 3900 558 4000 quinto.
