3702 5254
826 437 1003 512 DOVER
1032 436 1309 510 CHARTERS

991 631 1028 713 C
1041 633 1059 711 1
1074 632 1092 710 1
1108 631 1140 712 1.

779 790 866 890 'xxj
889 807 1031 890 nuruis,
1052 817 1094 888 ³7
1116 807 1209 873 nen.
1231 804 1332 872 v111.

462 966 647 1039 Ounrsus
665 963 799 1038 Christi
825 961 986 1035 fidelibus
1016 963 1060 1036 ad
1086 987 1179 1061 quos
1209 987 1350 1058 presens
1379 965 1551 1061 scriptum
1589 989 1672 1063 per-

463 1066 613 1155 venerit,
629 1065 807 1159 Johannes
838 1063 999 1150 Masoall,
1029 1063 1074 1136 de
1104 1062 1226 1150 Chart,
1239 1062 1343 1163 juxta
1358 1065 1487 1139 Sutton
1505 1065 1670 1154 Valance,

462 1167 499 1240 in
529 1167 713 1242 Comitatu
743 1164 889 1252 Kancie,
919 1162 1174 1251 husbandmen,
1214 1189 1306 1237 unus
1336 1165 1490 1240 filiorum
1521 1164 1670 1239 Roberti

465 1267 624 1358 Marcell,
641 1265 1007 1342 defuncti-Salutem
1025 1265 1061 1338 in
1079 1265 1239 1338 domino.
1280 1265 1401 1341 Sciatis
1418 1293 1474 1340 me
1492 1265 1668 1365 prefatum

461 1371 659 1464 Johannem
690 1367 899 1456 vendidisse,
929 1367 1133 1454 concecisse,
1164 1365 1312 1455 dedisse,
1343 1384 1379 1441 et
1409 1394 1471 1467 per
1500 1370 1567 1440 hoe
1589 1393 1670 1466 pre·

461 1497 542 1544 sens
575 1469 746 1568 scriptum
781 1492 901 1541 meum
936 1493 1003 1564 pro
1035 1493 1091 1539 me
1124 1483 1160 1539 et
1200 1466 1385 1541 heredibus
1419 1469 1505 1542 meis
1538 1469 1670 1568 imper-

462 1589 611 1672 petuum
641 1571 863 1644 confirmasse
887 1567 1029 1642 Thome
1056 1567 1306 1665 ffranlceleyne,
1334 1586 1371 1643 et
1396 1570 1581 1643 heredibus
1598 1571 1670 1642 suis

462 1673 737 1772 imperpetuum,
757 1695 867 1743 unum
897 1668 1081 1742 annualem
1112 1668 1292 1742 redditum
1322 1669 1443 1744 decem
1471 1671 1667 1744 solidorum

461 1773 714 1874 sterlingorum
752 1769 934 1846 annuatim
967 1785 1153 1844 exeuntem
1182 1770 1228 1843 de
1266 1787 1302 1843 et
1330 1771 1367 1844 in
1397 1771 1535 1845 duabus
1564 1771 1670 1869 peciis

462 1891 553 1948 terre
571 1901 652 1949 cum
670 1871 895 1974 pertinenciis
912 1871 995 1961 suis,
1024 1870 1158 1944 vocatis
1183 1871 1449 1964 Warnereland,
1471 1873 1669 1974 jacentibus

462 1993 497 2050 et
525 1974 758 2049 existentibus
786 1974 824 2046 in
853 1972 1025 2046 Parochia
1062 1972 1106 2045 de
1139 1971 1331 2070 Boughton
1370 1974 1598 2070 Monchesey,
1629 1973 1667 2046 in

463 2075 635 2151 comitatu
669 2074 840 2174 predicto,
875 2072 1051 2160 videlieet,
1085 2072 1131 2146 ad
1173 2073 1305 2174 regiam
1348 2090 1493 2148 stratam
1536 2074 1667 2147 ibidem

463 2203 583 2252 versus
600 2193 665 2262 est,
683 2177 727 2250 ad
745 2192 875 2249 terram
892 2174 1044 2246 Simonis
1057 2173 1214 2270 Smythe,
1229 2191 1387 2247 vocatam
1402 2175 1667 2263 Halbrokland,

462 2303 581 2351 versus
597 2278 724 2351 southe
741 2293 778 2350 et
795 2289 891 2359 west,
908 2291 945 2347 et
961 2275 1005 2347 ad
1023 2291 1152 2347 terram
1166 2274 1315 2347 Walteri
1330 2276 1488 2366 Mascall,
1507 2293 1668 2351 vocatam

463 2378 663 2467 Claxbams,
682 2401 802 2450 versus
819 2390 903 2449 west
920 2391 955 2447 et
977 2375 1126 2449 northe:
1156 2373 1306 2448 habend'
1331 2393 1367 2449 et
1393 2377 1605 2476 percipiend’
1631 2394 1668 2450 et

461 2479 599 2554 levand’
618 2479 816 2574 predictum
833 2476 1018 2549 annualem
1036 2475 1216 2549 redditum
1235 2476 1355 2550 decem
1373 2478 1571 2551 solidorum
1588 2504 1670 2577 pre-

461 2579 536 2654 fato
560 2581 703 2653 Thome
721 2576 951 2674 ffrankeleyn,
973 2575 1159 2650 heredibus
1183 2593 1219 2650 et
1245 2579 1428 2678 assignatis
1448 2578 1520 2651 suis
1537 2579 1668 2677 imper-

461 2698 622 2780 petuum,
652 2681 696 2753 ad
726 2680 817 2752 duos
845 2679 927 2750 anni
958 2678 1139 2768 terminos,
1171 2677 1346 2768 videlicet,
1364 2680 1407 2752 ad
1437 2677 1525 2753 festa
1550 2680 1666 2756 Sancti

463 2781 651 2856 Michaelis
680 2777 907 2878 Archiangeli
938 2795 974 2851 et
1003 2779 1306 2853 Annuntiacionis
1334 2779 1434 2853 beate
1451 2781 1567 2853 Marie
1585 2781 1668 2853 Vir-

461 2883 554 2982 ginis
571 2882 672 2998 equis
688 2878 916 2981 porcionibus
933 2881 1112 2954 annuatim
1130 2879 1289 2954 solvend’
1307 2879 1567 2981 imperpetuum
1584 2909 1591 2953 :
1617 2882 1667 2955 Et

461 2985 489 3058 si
520 3000 703 3082 contmgat
732 2983 869 3055 dictum
898 2981 1083 3053 annualem
1114 2980 1293 3054 redditum
1320 2983 1442 3055 decem
1470 2982 1666 3056 solidorum

461 3102 579 3159 aretro
608 3083 685 3158 fore
715 3108 786 3157 non
816 3081 972 3154 solutum
1001 3081 1037 3154 in
1066 3097 1164 3178 parte
1192 3081 1248 3154 vel
1276 3083 1311 3153 in
1329 3098 1409 3156 toto
1425 3101 1507 3182 post
1522 3083 1667 3184 aliquod

461 3185 591 3260 festum
622 3183 793 3258 festorum
823 3209 899 3283 quo
927 3180 1017 3254 solvi
1048 3180 1202 3270 deberet,
1232 3182 1330 3282 quod
1359 3199 1445 3257 tunc
1470 3200 1506 3257 et
1534 3185 1668 3258 tociens

462 3288 548 3361 bene
565 3284 683 3359 licebit
701 3283 839 3383 prefato
854 3283 997 3355 Thome
1016 3281 1245 3380 ffranlteleyn,
1257 3283 1444 3358 heredibus
1460 3301 1495 3358 et
1512 3281 1668 3384 assigna—

463 3388 507 3462 tis
523 3388 606 3476 suis,
624 3387 659 3458 in
678 3385 852 3484 predictas
868 3382 955 3456 duas
976 3383 1089 3482 pecias
1105 3401 1197 3457 terre
1218 3409 1299 3456 cum
1325 3385 1559 3483 pertinenciis,
1576 3403 1611 3459 et
1629 3387 1665 3459 in

461 3487 655 3590 quamlibet
672 3485 755 3558 inde
773 3483 969 3584 parcellam,
985 3485 1114 3557 intrare
1132 3502 1167 3557 et
1185 3484 1407 3586 distringere,
1426 3487 1667 3560 districciones

462 3615 530 3690 que
568 3589 617 3661 sic
650 3586 782 3660 ibidem
812 3601 929 3684 captas
958 3601 994 3658 et
1024 3583 1159 3658 habitas
1188 3585 1282 3658 licite
1311 3587 1354 3658 ab
1383 3587 1467 3660 inde
1497 3589 1666 3662 abducere

461 3689 614 3790 effirgare
651 3702 688 3760 et
726 3703 905 3786 asportare
942 3701 978 3758 et
1016 3711 1076 3758 eos
1114 3685 1272 3760 detinere
1302 3712 1489 3787 quousque
1518 3705 1591 3762 tam
1620 3690 1666 3763 de

461 3791 586 3864 eodem
637 3787 776 3860 annuali
825 3786 966 3860 redditu
1018 3788 1139 3861 decem
1176 3786 1371 3861 solidorum
1418 3805 1454 3862 et
1496 3791 1667 3889 arreragia

460 3891 630 3978 e‘usdem,
660 3915 699 3962 ac
729 3887 915 3988 cujuslibet
944 3886 1026 3960 inde
1052 3887 1211 3985 parcelle,
1236 3914 1343 3988 quam
1368 3889 1413 3962 de
1438 3892 1599 3989 expensis
1629 3908 1665 3965 et

462 3917 625 4091 dampnis
654 4016 693 4062 ea
722 3989 903 4063 occasione
933 3987 1059 4061 habitis
1087 4005 1124 4061 et
1153 3991 1322 4063 sustentis
1350 3989 1488 4088 prefato
1525 3991 1666 4065 Thome

462 4092 680 4188 ffrankeleyn
716 4089 900 4164 heredibus
933 4105 994 4161 aut
1028 4089 1211 4188 assignatis
1252 4092 1323 4163 suis
1365 4090 1517 4189 plenarie
1559 4092 1666 4166 fuerit

460 4195 618 4269 solutum
641 4210 676 4265 et
700 4189 915 4264 satisfactum
934 4217 940 4263 :
970 4189 1019 4262 Et
1037 4205 1077 4262 ut
1095 4190 1158 4264 hec
1176 4215 1253 4264 mea
1269 4192 1419 4266 donacio
1436 4209 1472 4266 et
1490 4195 1668 4268 concessio

460 4295 598 4370 stabiles
627 4311 662 4367 et
693 4293 792 4366 firme
822 4293 893 4364 sint
923 4315 961 4363 ac
988 4291 1168 4389 capiantur
1195 4291 1359 4366 effectum
1396 4319 1463 4393 ego
1489 4295 1666 4393 predictus
