3728 5258
799 435 974 510 DOVER
1001 433 1278 508 CHARTERS

918 804 920 807 ,
959 731 1132 812 XXIX.

784 910 857 992 xiiij
880 911 1038 992 Augusti
1058 923 1101 992 39
1121 908 1223 975 Edw.
1247 908 1313 974 111.

444 1073 535 1148 Hac
563 1087 657 1146 carta
681 1071 862 1145 indentata
888 1063 1046 1145 'testatur
1070 1069 1168 1169 quod
1202 1066 1419 1142 Williehnus
1443 1069 1489 1143 de
1513 1071 1651 1159 Denne,

445 1174 566 1274 Major
588 1171 680 1246 Ville
705 1174 882 1258 Dovorre,
907 1187 944 1245 et
962 1169 1073 1271 jurati
1093 1185 1180 1244 tunc
1202 1170 1372 1268 temporis
1388 1169 1547 1271 ejusdem
1569 1171 1653 1244 ville

444 1276 489 1350 de
514 1299 654 1347 assensu
679 1273 794 1347 tocius
819 1271 1084 1347 communitatis
1115 1269 1248 1345 ibidem
1273 1287 1521 1345 concesserunt
1546 1288 1582 1345 et
1608 1272 1651 1346 ad

443 1375 541 1450 feodi
568 1374 706 1447 firmam
732 1373 944 1449 dimiserunt
960 1371 1122 1446 Roberto
1147 1373 1193 1447 de
1220 1373 1404 1446 Swantone
1433 1390 1469 1447 et
1492 1372 1653 1467 Johanne

445 1477 548 1551 uxori
572 1475 647 1577 ejus
671 1475 848 1574 quandam
874 1473 1008 1572 peciam
1032 1490 1126 1546 terre
1144 1471 1321 1574 jacentem
1339 1471 1431 1546 infra
1454 1472 1653 1547 libertatem

445 1593 570 1677 portus
603 1580 766 1650 Dovorre
799 1574 894 1673 apud
938 1572 1157 1662 Castlehelle,
1193 1573 1357 1647 videlicet
1390 1572 1482 1647 inter
1523 1591 1652 1648 terram

444 1677 615 1775 Johannis
631 1676 787 1750 Gerolde
813 1701 937 1748 versus
954 1675 1156 1764 northwest,
1174 1689 1210 1746 et
1232 1674 1408 1772 quandam
1426 1699 1650 1749 communem

348 1851 357 1862 ,Δ
445 1780 606 1852 semitam
639 1802 709 1878 que
738 1776 837 1851 ducit
874 1777 920 1850 ad
948 1791 1102 1849 castrum
1133 1800 1253 1849 versus
1287 1775 1461 1864 northest,
1491 1791 1527 1849 et
1560 1776 1654 1851 inter

447 1898 576 1955 terram
603 1879 772 1952 heredum
805 1877 888 1951 Ade
916 1875 1077 1950 fforbour
1110 1891 1146 1950 et
1171 1892 1300 1951 terram
1325 1874 1497 1949 Willelmi
1522 1877 1654 1952 Sawere

448 2005 571 2056 versus
587 1979 758 2067 southest,
775 1994 812 2053 et
831 1993 957 2051 terram
980 1975 1076 2050 Petn'
1095 1976 1271 2050 Cocchere
1297 2002 1417 2051 versus
1433 1977 1651 2053 southwest:

447 2081 597 2155 habend'
629 2095 666 2154 et
692 2078 833 2153 tenend’
859 2077 1053 2177 predictam
1082 2076 1215 2175 peciam
1244 2093 1336 2151 terre
1365 2103 1446 2151 curn
1475 2078 1547 2151 suis
1574 2104 1655 2177 per-

447 2181 609 2257 tinenciis
636 2179 780 2280 prefatis
810 2180 969 2253 Roberto
995 2194 1031 2251 et
1059 2178 1220 2273 Johanne
1247 2178 1435 2252 heredibus
1461 2195 1498 2254 et
1529 2204 1653 2254 eorum

448 2281 631 2383 assignatis
668 2281 944 2380 imperpetuum,
978 2278 1140 2354 ffaciend’
1174 2279 1257 2353 inde
1289 2279 1475 2354 servicium
1517 2280 1653 2356 domini

448 2386 540 2485 regis
581 2382 725 2484 quando
765 2381 922 2455 evenerit
962 2380 1157 2454 seeundum
1198 2380 1489 2454 consuetudinem
1556 2397 1657 2456 ortus

448 2485 598 2585 predicti
615 2500 651 2558 et
668 2482 837 2558 reddend’
850 2482 933 2557 inde
948 2481 1131 2554 annuatim
1149 2481 1282 2582 Majori
1296 2481 1389 2555 dicte
1399 2482 1493 2557 dicte
1505 2407 1555 2584 (ii
1571 2482 1655 2557 ville

450 2587 511 2686 qui
532 2602 618 2659 tunc
640 2609 707 2683 pro
733 2599 893 2683 tempore
913 2580 1020 2657 fuerit
1039 2599 1193 2681 quatuor
1215 2582 1377 2655 denarios
1403 2581 1655 2683 sterlingorum

449 2686 609 2760 annualis
633 2685 794 2760 redditus
817 2685 863 2758 ad
888 2681 1018 2756 festum
1045 2682 1176 2756 Pasche
1197 2683 1366 2758 solvend'.
1419 2683 1470 2758 Et
1494 2686 1656 2784 quando-

450 2812 602 2886 cumque
635 2786 813 2885 predictus
862 2784 1019 2858 annualis
1060 2783 1221 2858 redditus
1262 2800 1377 2857 aretro
1413 2782 1523 2859 fuerit
1564 2786 1656 2858 ultra

451 2890 644 2963 terminum
664 2887 864 2987 predictum
883 2909 1074 2983 perunum
1098 2910 1229 2958 annum
1249 2884 1430 2984 integrum
1452 2902 1538 2959 tunc
1554 2885 1656 2961 liceat

452 2989 576 3091 majori
596 2989 688 3063 dicte
712 2987 796 3063 ville
821 2987 884 3086 qui
910 3001 995 3060 tunc
1014 2983 1122 3059 fuerit
1151 2986 1283 3060 dictam
1302 2986 1436 3083 peciam
1462 3001 1656 3060 terrerum

450 3092 521 3165 suis
555 3089 789 3190 pertinenciis,
823 3088 866 3162 ad
901 3111 1209 3187 quorumcumque
1246 3111 1371 3160 manus
1405 3085 1441 3160 in
1474 3103 1656 3185 posterum

452 3193 644 3280 devenerit,
674 3189 852 3288 reingredi
880 3189 1047 3262 reintrare
1075 3203 1111 3261 et
1145 3185 1285 3285 pacifice
1319 3187 1495 3286 possidere
1526 3188 1592 3262 sibi
1621 3204 1659 3262 et

452 3291 706 3367 successoribus
721 3291 792 3364 suis
809 3287 1001 3390 majoribus
1017 3289 1175 3390 ejusdem
1192 3287 1274 3362 ville
1290 3287 1547 3387 inperpetuum.
1604 3289 1656 3364 Et

452 3393 600 3492 predicti
622 3391 825 3464 Willelmus
850 3390 963 3491 major
982 3406 1018 3464 et
1037 3389 1160 3491 jurati,
1183 3414 1222 3462 ac
1247 3391 1481 3464 communitas
1500 3390 1659 3490 predicta

453 3491 730 3570 warantizabunt
755 3491 948 3590 predictam
969 3489 1102 3589 peciam
1123 3505 1215 3563 terre
1235 3515 1317 3564 cum
1337 3490 1411 3563 suis
1433 3491 1658 3589 pertinenciis

453 3593 597 3693 prefatis
615 3592 773 3666 Roberto
790 3607 826 3665 et
842 3591 1003 3686 Johanne
1020 3589 1208 3664 heredibus
1223 3607 1259 3664 et
1281 3617 1405 3664 eorum
1421 3592 1603 3692 assignatis
1620 3593 1656 3665 in

453 3694 569 3770 forma
584 3693 742 3793 predicta
757 3707 879 3766 contra
895 3716 1017 3765 omnes
1033 3707 1157 3792 gentes
1172 3691 1444 3791 imperpetuum.

530 3798 572 3869 ln
598 3795 698 3896 cujus
722 3793 771 3867 rei
797 3794 1039 3868 testimonium
1066 3808 1139 3866 tam
1168 3791 1323 3892 sigillum
1349 3793 1540 3894 majoratus
1565 3793 1659 3868 dicte

455 3899 538 3972 ville
554 3921 661 3997 quam
677 3895 834 3995 sigillum
858 3895 967 3994 ipsius
983 3893 1132 3968 Roberti
1150 3894 1232 3967 huic
1251 3893 1439 3968 indenture
1459 3895 1659 3969 alternatim

453 4015 538 4073 sunt
556 4022 717 4096 appensa.

496 4131 499 4138 ⁴
529 4101 664 4172 Datum
688 4099 853 4171 Dovorra
876 4110 1005 4195 quarto
1024 4094 1162 4169 decimo
1178 4094 1237 4169 die
1253 4094 1423 4195 Augusti,
1440 4121 1533 4170 anno
1557 4097 1658 4196 regni

454 4201 548 4301 regis
565 4199 743 4287 Edwardi,
761 4197 869 4285 tercii,
889 4223 910 4269 a
932 4212 1139 4297 conquestu,
1157 4196 1334 4270 tricesimo
1351 4221 1457 4274 nono·

455 4399 538 4508 [3¹]
