3748 5266
444 453 516 526 286
806 453 986 529 DOVER
1014 454 1293 529 CHARTERS

441 654 599 770 alicujus,
618 655 768 730 habend'
787 658 844 729 vel
869 655 1097 756 exequend’;
1124 673 1159 730 et
1185 656 1324 728 firmam
1349 681 1470 754 pacem
1496 671 1653 730 nostram

441 757 491 828 eis
519 757 603 830 inde
633 757 882 831 concedimus
881 783 953 856 per
988 773 1189 856 presentes:
1230 757 1285 832 lta
1313 773 1429 831 tamen
1459 759 1558 856 quod
1584 775 1654 831 stet

440 873 537 931 recto
554 859 592 931 in
608 859 706 931 curia
732 875 849 932 nostra
865 859 894 930 si
915 859 998 975 quis
1016 884 1140 933 versus
1156 884 1240 932 eum
1264 859 1348 932 inde
1364 857 1465 958 loqui
1485 859 1651 933 voluerit.

444 959 714 1033 Ριιιιιοιιιιιιυι
753 959 862 1033 eciam
913 959 1127 1034 remittimus
1179 977 1216 1033 et
1269 959 1465 1034 relaxamus
1506 958 1654 1059 prefatis

442 1059 586 1176 Majori,
600 1060 748 1150 Ballivo,
762 1078 799 1134 et
815 1061 1083 1154 Communitati,
1102 1086 1227 1136 omnes
1242 1076 1279 1133 et
1295 1060 1543 1134 omnimodas
1535 1086 1653 1134 insur-

438 1160 624 1254 recciones,
664 1161 884 1250 rebelliones,
913 1163 1172 1262 mesprisiones,
1215 1160 1531 1250 confederaciones,
1565 1187 1653 1236 con·

439 1221 640 1352 celamentd,
679 1280 715 1338 et
782 1262 954 1336 indebitas
1010 1264 1201 1338 verborum
1260 1263 1480 1361 prolaciones
1530 1281 1653 1336 contra

438 1365 570 1463 regiam
605 1321 829 1465 Majestatem
860 1380 1100 1453 nostramet
1133 1388 1447 1464 quorumcumque
1485 1367 1652 1464 progeni-

438 1481 559 1538 torum
601 1482 805 1539 nostrorum
848 1490 963 1564 nuper
1005 1491 1131 1565 regum
1173 1465 1316 1566 Anglie‚
1358 1481 1394 1538 et
1436 1465 1653 1538 conciliarios

438 1583 588 1655 nostros,
614 1585 675 1640 aut
706 1592 831 1640 eorum
857 1566 1025 1667 aliquem,
1053 1585 1114 1640 aut
1141 1567 1393 1654 conciliarium,
1410 1566 1468 1639 vel
1494 1566 1651 1666 aliquem

438 1667 679 1741 conciliarium
718 1665 869 1767 alicujus
910 1667 1180 1766 progenitorum
1223 1685 1438 1756 nostrorum,
1473 1692 1536 1765 per
1569 1693 1651 1765 pre-

436 1767 549 1842 dictos
576 1769 767 1870 Majorem,
794 1769 983 1856 Ballivum,
1000 1785 1035 1841 et
1061 1767 1376 1856 Communitatem,
1405 1782 1485 1840 ante
1512 1767 1651 1841 dictum

436 1869 644 1943 vicesimum
700 1869 849 1944 tercium
908 1869 1004 1942 diem
1059 1869 1205 1967 Aprilis,
1254 1868 1563 1968 qualitercumque
1613 1887 1649 1942 et

436 1971 761 2069 quocienscumque
795 1967 901 2042 factas
934 1970 1067 2044 habitas
1109 1969 1183 2043 sive
1217 1985 1458 2068 perpetratas:
1497 1969 1648 2044 Necnon

435 2096 559 2145 omnes
591 2087 628 2144 et
655 2070 888 2160 omnimodas,
918 2071 1215 2170 transgressiones,
1250 2070 1368 2162 riotas,
1403 2087 1534 2159 routas,
1564 2095 1649 2143 con-

436 2171 611 2245 venticula
661 2171 793 2263 illicita,
845 2169 1160 2260 confederaciones‚
1212 2171 1502 2270 conspiraciones,
1556 2197 1649 2244 mes·

435 2271 622 2388 prisiones,
655 2273 833 2372 ingressus
874 2271 1066 2346 manuforti
1110 2271 1230 2362 factos,
1268 2289 1507 2372 contemptus,
1542 2272 1648 2345 necli-

433 2372 580 2472 gensias,
614 2374 846 2473 ignorancias,
890 2373 1141 2491 impeticiones,
1181 2373 1360 2464 falsitates,
1405 2373 1645 2488 decepciones,

427 2473 597 2574 jacturas,
606 2492 776 2574 gesturus,
794 2475 1024 2564 extorciones,
1041 2475 1278 2573 oppresiones,
1293 2473 1458 2575 perjuria,
1470 2491 1506 2548 et
1522 2499 1646 2548 omnes

433 2575 659 2648 denariorum
683 2600 838 2648 summas
863 2577 936 2649 sive
961 2576 1109 2649 aliarum
1127 2601 1247 2649 rerum
1272 2599 1593 2690 quarumcumque,
1610 2591 1646 2648 et

433 2700 511 2748 rece
557 2677 655 2750 iones
672 2677 867 2750 eorundem
885 2703 951 2775 pro
969 2675 1151 2750 verodicto
1175 2676 1334 2764 dicendo,
1349 2693 1384 2749 et
1402 2676 1645 2765 imbraciarias,

433 2801 544 2850 camr
534 2777 682 2875 ipertias,
719 2778 1016 2870 manutenencias,
1057 2776 1274 2862 omissiones,
1310 2775 1454 2865 offensa,
1495 2793 1530 2850 et
1580 2734 1646 2850 atia'

432 2875 614 2952 malefacta
647 2903 885 2979 quecumque,
920 2905 981 2978 per
1023 2879 1117 2978 ipsos
1160 2877 1352 2979 Majorem,
1386 2877 1575 2967 Ballivum,
1609 2894 1644 2950 et

433 2980 751 3070 Communitatem,
785 2995 866 3053 ante
898 2980 1052 3054 eundem
1082 2977 1177 3052 diern
1203 2978 1511 3078 qualitercumque
1537 2977 1645 3052 factas

433 3081 610 3155 habitas
585 3105 658 3154 slve
675 3097 901 3181 perpetratas.
938 3079 997 3153 Er
1017 3080 1221 3154 Srnrcrrsn
1241 3080 1478 3177 perdonamus
1494 3080 1646 3152 remitti-

432 3206 512 3255 mus
534 3199 570 3256 et
595 3183 790 3256 relaxamus
818 3182 942 3256 iisdem
969 3179 1113 3280 Majori,
1144 3180 1289 3270 Ballivo,
1315 3196 1351 3253 et
1374 3180 1643 3270 Communitati,

431 3283 656 3358 omnimodas
679 3283 973 3382 transgressiones
1008 3296 1233 3381 contemptus
1257 3279 1425 3356 falsitates
1454 3296 1490 3354 et
1515 3281 1643 3379 decep-

431 3383 549 3456 ciones
590 3410 632 3457 ro
648 3382 827 3457 abrasione
844 3408 963 3456 rasura
979 3381 1295 3472 interlinacione,
1270 3407 1344 3455 sive
1357 3381 1641 3468 imbesillacione,

429 3500 491 3558 aut
525 3409 765 3558 suluaccione
793 3483 996 3583 aliquorum
1026 3483 1225 3557 rotulorum
1259 3483 1489 3557 recordorum
1520 3508 1643 3583 recog-

429 3584 611 3658 nicionum
643 3584 726 3660 sive
774 3585 1088 3658 memorandorum
1125 3601 1342 3701 nostrorum,
1382 3601 1444 3658 aut
1493 3583 1643 3700 alicujus

429 3686 700 3786 progenitorum
731 3700 936 3760 nostrorum
965 3709 1306 3801 quorumcumque,
1324 3685 1361 3757 in
1394 3685 1532 3801 aliqua
1545 3685 1642 3759 curia

431 3803 559 3874 nostra,
578 3802 640 3861 aut
662 3787 699 3859 in
722 3787 841 3886 aliqua
866 3787 963 3861 curia
987 3785 1136 3887 alicujus
1161 3786 1399 3958 proqqnitoris
1424 3784 1548 3874 nostri,
1565 3785 1641 3859 sive

428 3889 473 3962 ab
498 3887 616 3988 aliqua
645 3887 851 3988 hujusmodi
886 3890 994 3978 curia,
1023 3912 1084 3985 per
1114 3888 1209 3984 ipsos
1284 3912 1428 3988 aJorem,
1452 3885 1639 3978 Ballivum,

428 4005 464 4064 et
492 3988 806 4078 Communitatem,
822 4005 902 4062 ante
943 3946 1170 4061 redictum
1136 3989 1344 4061 vicesimum
1368 3988 1518 4062 tercium
1544 3945 1639 4060 dieni

428 4089 575 4188 Aprilis,
601 4091 722 4191 aliquo
759 4091 869 4163 modo
910 4015 1079 4164 fictas
1052 4087 1128 4162 sive
1161 4105 1385 4187 perpetratas.
1449 4090 1637 4162 Acscrnu

428 4190 665 4290 perdonamus
714 4191 929 4264 remittimus
979 4205 1014 4262 et
1064 4189 1261 4264 relaxamus
1313 4189 1445 4263 eisdem
1495 4189 1638 4305 Majori,

429 4293 574 4384 Balliv0,
594 4309 631 4366 et
655 4291 925 4382 Communitati,
951 4289 1211 4380 omnimodas
1204 4291 1473 4392 impetraciones
1495 4291 1639 4392 injustas
