3748 5266
439 475 510 548 180
794 472 976 548 DOVER
1003 472 1287 548 CHARTERS

435 675 614 764 Dovorre,
644 677 672 747 si
707 699 844 748 necesse
874 672 994 763 fuerit,
1026 673 1143 750 debita
1176 675 1447 774 compellantur,
1475 689 1512 747 et
1545 674 1644 774 quod

435 776 554 850 omnia
586 775 707 849 catalla
738 777 916 849 Baronum
948 791 985 849 et
1020 775 1184 864 aliorum,
1214 777 1287 850 sive
1316 793 1415 850 extra
1448 775 1644 849 libertatem

435 875 568 949 fuerint
584 876 657 950 sive
674 875 774 965 infra,
790 902 861 976 que
878 901 943 974 pro
961 876 1038 950 navi
1066 876 1102 950 'o
1118 892 1155 950 et
1171 876 1319 951 servicio
1336 877 1504 976 predictis
1521 901 1646 950 mauu-

437 977 588 1051 tenenda
603 994 639 1052 et
655 975 814 1052 facienda
830 993 994 1052 taxentur
1087 975 1226 1076 tallagia
1249 1003 1311 1051 seu
1337 977 1403 1052 alia
1428 1003 1534 1052 onera
1557 1003 1646 1076 que-

437 1103 602 1178 cumque,
620 1103 700 1152 cum
718 1078 819 1152 bonis
834 1095 870 1152 et
887 1077 1018 1152 catallis
1038 1078 1225 1153 hominum
1249 1078 1506 1153 forinsecorum
1532 1078 1646 1152 nulla-

438 1196 541 1253 tenus
579 1195 767 1267 taxentur;
806 1205 941 1278 nosque
978 1195 1088 1252 cartas
1125 1178 1201 1253 illas
1236 1204 1298 1280 per
1328 1197 1458 1254 cartam
1489 1195 1644 1254 nostram

439 1280 747 1354 confirmavimus:
797 1296 834 1353 et
876 1279 1024 1354 ulterius
1065 1279 1311 1372 concessimus,
1354 1306 1421 1379 pro
1463 1280 1566 1354 uobis
1608 1295 1644 1354 et

438 1381 627 1456 heredibus
652 1379 792 1470 nostris,
819 1379 953 1455 eisdem
983 1379 1179 1454 Batonibus
1206 1395 1375 1478 portuum
1403 1382 1644 1480 predictorum

438 1483 536 1584 quod
554 1482 636 1558 licet
653 1481 719 1580 ipsi
735 1482 791 1555 vel
809 1498 1042 1556 antecessores
1058 1480 1111 1554 sui
1128 1481 1244 1582 aliqua
1262 1482 1316 1556 vel
1340 1481 1514 1582 aliquibus
1539 1479 1645 1556 liber-

438 1599 554 1658 tatum
574 1599 610 1656 et
637 1581 912 1683 quietantiarum
939 1581 976 1656 in
1002 1582 1106 1658 dictis
1133 1583 1235 1657 cartis
1261 1599 1505 1658 contentarum
1528 1582 1646 1682 aliquo

439 1711 520 1760 casu
537 1698 738 1784 emergente
756 1680 858 1782 plene
874 1682 1030 1784 usi[tati]
1045 1682 1177 1758 fuerint
1190 1683 1297 1758 iidem
1311 1699 1427 1760 tamen
1442 1686 1595 1760 Batones
1607 1711 1646 1758 ac

439 1811 563 1860 eorum
589 1785 733 1859 heredes
757 1798 793 1856 et
818 1809 1032 1860 successores
1058 1783 1276 1860 libertatibus
1292 1801 1328 1860 ct
1345 1785 1550 1886 quietanciis
1566 1811 1646 1885 pre-

439 1887 545 1962 dictis
560 1901 596 1960 et
612 1909 733 1958 earum
750 1883 907 1984 qualibet
923 1886 1099 1985 gaudeant
1115 1903 1151 1958 et
1169 1903 1326 1976 utantur,
1343 1887 1418 1960 sine
1433 1885 1571 1960 accione
1589 1887 1644 1959 val

439 1986 696 2086 impedimento
713 1985 836 2075 nostri,
854 1986 910 2060 vel
927 1985 1097 2060 heredum
1114 2002 1331 2077 nostrorum,
1351 1987 1645 2082 justiciariorum,

439 2085 963 2175 Escaetorum,Vicecomitum,
975 2102 1036 2160 aut
1048 2086 1199 2161 aliorum
1210 2086 1426 2162 Ballivorum
1438 2113 1500 2161 seu
1515 2087 1647 2162 Minis-

440 2205 578 2263 trorum
597 2203 816 2276 nostrorum,
835 2187 890 2260 vel
906 2187 1077 2262 heredum
1105 2204 1308 2262 nostrorum
1325 2213 1644 2289 quorumcumque,

440 2304 548 2389 prout
564 2288 601 2361 in
618 2288 721 2362 cartis
737 2303 773 2361 et
790 2287 1059 2363 confirmacione
1076 2289 1243 2387 predictis
1267 2287 1405 2388 plenius
1429 2290 1643 2364 continetur.

441 2390 552 2464 Vobis
589 2388 796 2462 mandamus
830 2389 928 2504 quod
957 2389 1119 2463 homines
1148 2389 1311 2465 villarum
1340 2391 1386 2464 de
1416 2393 1580 2492 Mergate
1609 2407 1645 2462 et

441 2491 648 2579 Corisende,
681 2515 719 2563 ac
755 2490 914 2564 hommes
938 2490 1182 2590 parochiarum
1216 2493 1426 2566 Sanctorum
1463 2491 1646 2587 Johannis,

441 2593 550 2681 Petri,
600 2590 779 2680 Nicholai,
822 2607 859 2665 et
907 2591 1083 2665 Omnium
1129 2591 1337 2667 Sanctorum
1379 2593 1424 2667 de
1475 2593 1647 2690 Birchyn-

440 2709 537 2782 tone,
564 2691 682 2765 Wode
699 2693 736 2765 in
755 2692 874 2766 Insula
894 2692 940 2767 de
966 2693 1143 2784 Thaneto,
1170 2709 1206 2767 et
1233 2693 1394 2767 homines
1419 2694 1464 2767 de
1481 2695 1646 2795 Kynges-

440 2795 545 2884 done,
574 2809 609 2866 et
639 2792 684 2867 de
713 2792 877 2892 parochia
904 2793 949 2868 de
980 2792 1199 2893 Ryngewold
1220 2794 1325 2894 juxta
1341 2795 1557 2885 Dovorram,
1575 2820 1646 2894 que

440 2910 523 2971 sunt
554 2893 711 2968 membra
739 2909 777 2968 et
805 2893 1016 2968 advocantes
1046 2895 1177 2968 Portus
1202 2896 1392 2969 Dovorre:
1432 2897 1646 2994 eosdemque

439 2996 601 3071 homines
626 2995 837 3070 advocantes
863 3021 900 3068 se
925 2994 971 3083 de
998 2995 1120 3070 emens
1141 2992 1311 3085 libertate,
1327 3011 1364 3069 et
1380 3021 1504 3070 eorum
1521 3021 1647 3096 quem·

439 3099 540 3187 libet,
566 3097 611 3172 de
637 3094 844 3211 hujusmodi
871 3086 1070 3186 theoloneo,
1098 3096 1363 3188 consuetudine,
1396 3095 1553 3197 lastagio,
1581 3091 1647 3171 tal'-

440 3201 545 3302 lagi0,
563 3223 733 3298 passagm,
751 3195 902 3298 cayagio,
922 3197 1069 3297 rivagio,
1086 3223 1106 3270 a
1122 3197 1302 3298 pontagi0,
1320 3215 1356 3273 et
1376 3199 1473 3272 omni
1491 3223 1593 3288 wrec,
1610 3216 1646 3271 et

440 3301 486 3375 de
502 3314 578 3374 tota
592 3297 800 3372 vendicione
816 3297 939 3371 achato
954 3314 990 3370 et
1009 3298 1150 3373 rechsto
1165 3323 1242 3387 suo,
1255 3324 1317 3399 per
1333 3315 1446 3373 totam
1463 3315 1593 3374 terram
1609 3315 1646 3372 et

441 3415 652 3500 potestatem
680 3413 848 3486 nostram,
876 3422 958 3471 cum
984 3423 1083 3470 socca
1110 3414 1147 3474 et
1173 3424 1280 3488 sacca,
1307 3415 1343 3472 et
1370 3399 1447 3474 thol
1473 3416 1509 3473 et
1535 3401 1646 3489 them,

441 3499 590 3596 wrect'ry
606 3516 643 3573 et
658 3496 825 3596 wittefry,
838 3513 875 3571 et
891 3497 1079 3598 lestagefry
1094 3514 1130 3572 et
1150 3497 1369 3599 lovecopfry,
1383 3517 1419 3576 et
1431 3501 1475 3577 de
1492 3501 1594 3576 shiris
1610 3517 1647 3574 et

440 3600 644 3690 hundredis,
669 3599 808 3716 quietos
832 3623 906 3672 esse
930 3599 1153 3699 permittatis,
1171 3599 1276 3700 juxta
1294 3616 1454 3677 tenorem
1472 3618 1645 3677 cartarum

440 3719 477 3777 et
493 3699 772 3776 confirmacionis
788 3698 1041 3798 predictorum,
1058 3726 1097 3774 sc
1115 3700 1220 3799 ipsos,
1244 3727 1306 3775 seu
1330 3727 1455 3776 eorum
1481 3701 1525 3777 ali
1552 3729 1645 3793 uem,

441 3805 479 3877 in
497 3802 610 3878 assisis
620 3801 752 3903 juratis
767 3825 828 3874 seu
844 3799 1148 3900 recognicionibus
1172 3802 1350 3902 aliquibus
1375 3805 1510 3880 ratione
1526 3731 1648 3879 lorin-

440 3931 516 3979 sece
543 3921 667 3979 tenure
691 3928 753 3976 sue
778 3926 895 3976 coram
921 3902 1022 3976 vobis
1047 3902 1204 4001 capiend’
1230 3929 1302 3980 non
1328 3906 1466 4003 ponatis
1481 3931 1543 3979 seu
1560 3907 1646 4005 poni

440 4006 586 4094 faciatis,
613 4020 735 4078 contra
761 4019 919 4077 tenorem
947 4019 1118 4078 cartarum
1145 4021 1181 4078 et
1208 4005 1487 4081 confirmacionis
1509 4009 1649 4107 predic·

441 4124 568 4196 tarum,
589 4131 653 4179 nec
669 4104 764 4202 ipsos
780 4129 841 4176 seu
861 4129 987 4178 eorum
1009 4104 1163 4204 aliquem
1189 4121 1311 4180 contra
1336 4122 1495 4182 tenorem
1520 4135 1648 4183 earun-

440 4211 524 4285 dem
541 4205 732 4282 molestetis
749 4205 784 4277 in
802 4205 929 4304 aliqu0,
950 4230 1009 4279 seu
1094 4207 1195 4279 vetis.

516 4312 650 4384 Teste:
678 4305 852 4402 Johanne,
869 4307 958 4381 duce
976 4309 1006 4381 B
1052 4305 1186 4397 esorde,
1204 4307 1361 4383 Custode
1378 4309 1522 4410 Anglie,
1550 4313 1644 4409 apud

442 4411 595 4485 Westm.
615 4408 661 4510 xij
681 4409 738 4482 die
755 4405 924 4482 Octobris
940 4433 1034 4482 anno
1050 4408 1150 4509 regni
1168 4409 1280 4483 nostri
1299 4409 1418 4488 tercio.

446 4615 462 4716 [
514 4513 668 4713 ][Duppl.
691 4509 910 4607 Gaunstede]

468 4637 511 4709 17
