3748 5266
448 459 518 533 190
803 435 985 510 novus
1011 435 1291 510 cunarum

442 635 695 722 membrorum,
713 635 949 724 inveniantur,
963 635 1105 707 nomine
1116 635 1365 708 Withernamii
1378 634 1537 708 levand':
1568 660 1652 708 con-

442 735 673 834 similiterque
698 753 828 809 extunc
854 736 890 809 in
916 735 1081 810 omnibus
1097 735 1224 808 facient
1250 752 1365 833 partes
1390 736 1546 834 predicte
1571 752 1651 810 ante

442 836 579 911 dictum
599 836 786 936 quodlibet
813 853 949 912 certum
975 837 1246 938 parliamentum
1265 837 1363 936 quod
1390 837 1556 910 dominus
1574 838 1651 910 Rex

441 939 498 1010 vel
545 938 691 1012 heredes
736 939 790 1011 sui
824 937 989 1038 deinceps
1032 937 1240 1013 summoniri
1281 935 1385 1011 faciet
1425 937 1484 1011 vel
1522 936 1650 1011 facient

441 1039 478 1111 in
506 1037 656 1113 futuro:
699 1039 750 1114 Et
775 1041 943 1138 quociens
972 1039 1162 1140 contigerit
1191 1039 1368 1138 predictos
1403 1039 1581 1140 Majorem
1614 1055 1650 1111 et

441 1140 743 1214 Communitatem
760 1142 915 1238 predicte
933 1140 1015 1214 ville
1040 1142 1208 1214 Dovorre
1225 1140 1371 1214 heredes
1386 1156 1422 1212 et
1438 1165 1651 1214 successores

441 1265 523 1314 suos
539 1241 659 1342 aliquo
676 1242 786 1316 modo
802 1241 879 1315 fore
895 1259 1059 1341 gravatos
1076 1267 1136 1314 seu
1162 1242 1365 1316 molestatos
1381 1242 1560 1314 occasione
1578 1267 1649 1314 non

440 1365 520 1416 com
565 1343 706 1416 ricionis
732 1359 792 1416 aut
819 1343 977 1416 absencie
1002 1344 1147 1416 Batonis
1174 1343 1222 1416 sic
1254 1344 1356 1416 electi
1384 1342 1541 1440 predicte
1567 1341 1650 1415 ville

440 1443 485 1516 de
561 1444 753 1534 veresham,
781 1469 843 1541 per
870 1444 1048 1543 predictos
1077 1443 1254 1544 Majorem
1281 1460 1317 1515 et
1347 1445 1649 1518 Communitatem

440 1544 535 1618 dicte
568 1545 652 1618 ville
679 1546 843 1619 Dovorre
876 1546 925 1618 sic
958 1547 1002 1620 ad
1036 1545 1180 1645 aliquod
1214 1560 1351 1618 oertum
1379 1544 1648 1645 parliamentum

440 1660 672 1734 retornatum,
689 1644 848 1719 absencia
872 1673 932 1720 seu
959 1672 1030 1720 non
1047 1645 1305 1744 comparicione
1347 1646 1471 1721 redicti
1489 1645 1649 1762 ejusdem

441 1746 588 1820 Batonis
628 1746 724 1822 dicte
765 1745 849 1819 ville
890 1749 935 1823 de
978 1746 1207 1820 ffsveresham
1250 1669 1394 1846 preditis
1437 1747 1570 1847 Majori
1613 1762 1648 1818 et

441 1846 699 1921 communitati
725 1847 880 1945 predicte
913 1847 996 1920 ville
1026 1848 1192 1922 Dovorre
1225 1865 1261 1920 et
1294 1847 1549 1922 successoribus
1578 1847 1649 1920 suis

440 1947 652 2022 sufficienter
682 1948 871 2037 notificata,
895 1950 993 2048 quod
1018 1965 1104 2021 tunc
1134 1949 1267 2022 tociens
1291 1949 1438 2047 predicti
1467 1948 1588 2048 Major
1613 1964 1648 2021 et

440 2049 687 2123 Communitas
720 2049 876 2148 predicte
910 2049 994 2123 ville
1023 2049 1069 2123 de
1099 2048 1308 2124 ffaversham
1337 2049 1480 2124 heredes
1508 2065 1544 2121 et
1571 2073 1647 2121 suc-

439 2173 591 2222 cessores
623 2149 676 2223 sui
705 2149 859 2248 prefatos
888 2151 1066 2251 Majorem
1094 2167 1130 2223 et
1157 2150 1458 2224 Communitatem
1493 2149 1649 2249 predicte

440 2249 523 2323 ville
558 2252 724 2324 Dovorre
757 2251 901 2325 heredes
929 2268 966 2325 et
999 2276 1212 2325 successores
1240 2275 1322 2324 suos
1351 2275 1433 2352 erga
1461 2250 1649 2325 dominum

442 2352 577 2452 Regem
594 2369 630 2426 et
650 2351 796 2426 heredes
813 2377 895 2425 suos
920 2353 964 2427 de
980 2352 1078 2426 dicto
1098 2353 1300 2454 gravamine
1319 2377 1381 2425 seu
1404 2350 1649 2425 molestatione

440 2477 478 2524 ac
507 2453 552 2527 de
577 2452 741 2526 omnibus
766 2453 872 2526 costis
897 2468 932 2526 et
957 2453 1117 2551 expensis
1142 2479 1182 2526 ea
1207 2452 1387 2527 occasione
1411 2453 1649 2552 quovismodo

440 2551 568 2626 habitis
613 2569 649 2627 et
683 2555 887 2627 sustentatis
931 2554 1087 2628 totaliter
1130 2553 1386 2628 conservabunt
1430 2554 1549 2628 indem
1576 2579 1647 2642 nes,

441 2653 549 2727 modo
566 2669 602 2727 et
627 2652 743 2727 forma
766 2654 1034 2754 districti[onis]
1062 2655 1221 2755 superius
1245 2654 1454 2754 specificato,
1472 2670 1508 2727 et
1534 2579 1649 2728 firma

440 2753 637 2828 litterarum
667 2771 702 2828 et
732 2779 913 2854 processus
942 2757 1085 2829 nomine
1114 2756 1377 2845 Withernamii,
1407 2756 1452 2829 de
1485 2754 1649 2829 omnibus

438 2854 540 2929 bonis
559 2871 595 2928 et
620 2856 751 2930 catallis
774 2857 1013 2955 predictorum
1033 2856 1183 2958 Majoris
1205 2874 1241 2931 et
1259 2857 1533 2932 Communitatis
1555 2855 1648 2929 dicte

439 2956 523 3030 ville
556 2957 601 3030 de
635 2956 844 3033 ffsverslram
886 2959 1056 3033 heredum
1089 2974 1126 3032 et
1158 2983 1397 3031 suceessorum
1431 2982 1576 3031 suorum
1611 2957 1647 3029 in

439 3057 720 3158 quibuscumque
761 3060 855 3133 villis
904 3060 979 3133 sive
1020 3059 1105 3133 locis
1154 3059 1311 3158 quinque
1361 3074 1543 3157 portuum,
1585 3074 1647 3130 aut

439 3159 678 3234 membrorum
691 3184 848 3248 suorum,
860 3159 1096 3249 inveniantur,
1110 3157 1248 3234 levand’
1259 3177 1295 3233 et
1306 3159 1447 3233 tenend’
1464 3188 1472 3232 :
1501 3159 1648 3256 Insuper

439 3260 524 3335 dicti
545 3260 667 3361 Major
682 3277 719 3334 et
737 3260 981 3335 Communitas
993 3261 1085 3334 dicte
1102 3261 1186 3334 ville
1204 3262 1371 3334 Dovorre
1387 3279 1423 3335 et
1435 3285 1648 3334 successores

439 3361 492 3434 sui
519 3360 657 3435 solvent
682 3362 776 3460 apud
810 3361 933 3434 villam
966 3364 1130 3436 Dovorre
1155 3363 1322 3461 predicte,
1360 3363 1404 3435 ad
1430 3362 1536 3434 finem
1561 3361 1647 3435 dicti

440 3459 670 3560 parliamenti,
697 3462 825 3534 Baroni
852 3462 903 3534 illi
928 3463 1022 3536 dicte
1046 3463 1131 3537 ville
1155 3463 1200 3535 de
1226 3461 1434 3536 ffaversham
1458 3488 1577 3563 quem,
1605 3477 1645 3535 ut

439 3561 668 3660 premittitur,
702 3562 746 3634 ad
772 3563 916 3663 aliquod
947 3579 1083 3637 certum
1117 3563 1386 3662 parliamentum
1413 3565 1646 3662 imposterum

438 3661 584 3735 fecerint
609 3665 789 3752 retornari,
809 3679 870 3738 aut
895 3689 960 3738 suo
984 3679 1082 3738 certo
1106 3679 1295 3752 attornato,
1313 3689 1379 3764 pro
1404 3663 1563 3763 quolibet
1588 3663 1645 3737 die

438 3787 514 3862 quo
545 3762 815 3861 parliamentum
844 3764 933 3839 illud
959 3765 1004 3840 ad
1034 3765 1131 3864 quod
1164 3767 1213 3838 sic
1242 3781 1441 3840 retornatus
1473 3764 1645 3838 exstiterit

438 3863 566 3964 viginti
583 3863 745 3938 denarios
760 3867 1011 3966 sterlingorum
1031 3866 1209 3965 [proviso]
1227 3889 1364 3965 semper
1388 3868 1487 3966 quod
1503 3866 1646 3966 quando

438 3964 621 4066 continget
650 3991 771 4040 omnes
800 3970 953 4041 Barones
977 3967 1134 4068 quinque
1160 3983 1331 4066 portuum
1354 3969 1398 4042 ad
1427 3968 1495 4041 tale
1520 3966 1646 4065 parlia-

439 4081 599 4140 mentum
625 4066 753 4142 electos
778 4084 814 4142 et
841 4084 1050 4157 retornatos,
1074 4067 1188 4142 tribus
1212 4069 1269 4142 vel
1299 4067 1459 4168 pluribus
1482 4069 1647 4166 exceptis,

437 4166 577 4241 licentia
601 4168 736 4243 domini
764 4170 872 4270 Regis
896 4187 931 4244 et
957 4169 1127 4244 heredum
1152 4194 1297 4243 suorum
1321 4170 1366 4243 de
1395 4169 1493 4243 dicto
1522 4168 1644 4267 parlia-

438 4284 559 4343 mento
575 4269 699 4358 redire,
717 4285 753 4344 et
769 4270 873 4346 dictis
889 4270 1002 4346 tribus
1016 4268 1071 4345 vel
1088 4269 1247 4370 plruibus
1263 4270 1458 4345 Batonibus
1474 4295 1584 4370 usque
1601 4271 1645 4344 ad
