3728 5258
425 503 491 578 172
780 479 961 554 DOVER
988 479 1267 554 CHARTERS

922 776 1117 856 LVIII.

803 969 828 1014 x
849 950 1018 1032 Augusti,
1040 963 1062 1028 3
1084 949 1175 1016 Heu.
1197 949 1239 1015 V·

418 1103 632 1178 Novantur
649 1103 805 1179 universi
833 1129 897 1178 nos
920 1105 1119 1199 johannem
1146 1104 1301 1200 Monyn‚
1327 1103 1371 1176 de
1398 1103 1576 1193 Dovorra,
1591 1117 1627 1176 et

417 1207 597 1280 Thomam
624 1206 851 1297 Marchaunt,
876 1205 921 1280 de
947 1205 1126 1293 Ladenne,
1160 1203 1345 1292 remisisse,
1379 1205 1558 1293 relaxasse,
1592 1220 1628 1278 et

417 1307 566 1380 omnino
581 1331 648 1405 pro
665 1306 767 1381 nobis
782 1322 818 1380 et
836 1307 1023 1381 heredibus
1040 1306 1170 1380 nostris
1187 1305 1448 1404 imperpetuum
1465 1307 1626 1405 quietum

417 1408 579 1480 clamasse
596 1407 782 1482 Willelmo
798 1408 1022 1508 Yngelonde,
1040 1408 1086 1482 de
1103 1408 1279 1494 Dovorra,
1299 1407 1487 1480 heredibus
1503 1422 1540 1480 et
1556 1407 1628 1479 suis

417 1509 598 1609 assignatis
631 1509 669 1582 in
698 1535 761 1583 sua
790 1509 1008 1607 possessione
1042 1524 1160 1584 totum
1190 1524 1352 1580 nostrum
1380 1508 1442 1608 jus
1469 1524 1506 1582 et
1533 1507 1627 1607 juris

417 1609 588 1684 clameum
611 1635 681 1709 que
705 1608 885 1698 habemus,
909 1610 1107 1699 habuimus,
1129 1635 1193 1682 seu
1213 1609 1341 1708 quovis
1366 1610 1477 1683 modo
1501 1608 1627 1682 habere

417 1709 612 1810 poterimus
641 1711 677 1783 in
705 1736 778 1784 uno
807 1725 1010 1784 tenemento
1035 1735 1116 1784 cum
1145 1710 1218 1783 suis
1247 1711 1470 1809 pertinenciis
1496 1711 1627 1783 situato

417 1809 508 1886 infra
540 1811 737 1885 libertatem
771 1828 895 1910 portus
929 1812 1095 1887 Dovorre
1129 1811 1165 1884 in
1201 1811 1501 1912 Moryneswarde,
1537 1813 1627 1884 inter

416 1928 658 1987 tenementum
675 1913 817 1986 Thome
828 1912 1004 1986 Cocchare
1020 1937 1144 1986 versus
1155 1913 1337 1986 southeest
1347 1928 1383 1985 et
1399 1913 1626 2000 northewest,

416 2029 453 2087 et
480 2014 611 2114 regiam
636 2029 782 2088 stratam
807 2039 929 2088 versus
955 2013 1127 2104 northest,
1145 2029 1181 2087 et
1207 2015 1298 2087 inter
1324 2014 1502 2112 quandam
1527 2037 1626 2087 com-

416 2139 560 2187 munem
598 2113 772 2189 venellam
806 2139 927 2189 versus
964 2115 1188 2203 southewest,
1223 2115 1321 2213 quod
1355 2115 1500 2214 quidem
1527 2130 1626 2188 tene-

418 2231 579 2289 mentum
604 2240 675 2288 una
700 2240 782 2289 cum
807 2214 882 2289 aliis
907 2214 1011 2290 terris
1040 2215 1250 2289 tenementis
1273 2232 1309 2290 et
1338 2215 1535 2290 redditibus
1563 2241 1627 2290 nos

415 2317 605 2411 Johannes,
635 2331 672 2389 et
704 2317 865 2390 Thomas
900 2317 1116 2390 Marchaunt
1151 2316 1397 2414 prenominati,
1432 2341 1503 2390 una
1543 2341 1625 2390 cum

415 2418 578 2512 Johanne
595 2415 787 2491 Evebroke
811 2433 847 2491 et
874 2417 1038 2491 Henrico
1064 2419 1194 2509 Merle,
1207 2418 1282 2518 jam
1307 2415 1497 2508 defunctis,
1516 2443 1626 2516 nuper

417 2517 602 2592 habuimus
626 2517 671 2592 de
696 2517 794 2592 dono
818 2518 1011 2617 supradicti
1037 2518 1238 2591 Willelmi:
1267 2517 1315 2591 ita
1338 2517 1503 2593 videlicet
1526 2519 1625 2618 quod

415 2645 490 2693 non
520 2644 595 2706 nos,
625 2619 815 2717 supradicti
840 2619 1032 2714 Johannes,
1062 2633 1097 2692 et
1120 2619 1281 2693 Thomas
1304 2620 1532 2709 Marchaunt,
1563 2645 1626 2693 nec

417 2719 562 2793 heredes
579 2720 704 2809 nostri,
722 2746 786 2794 nec
798 2719 923 2820 aliquis
939 2719 1027 2794 alius
1043 2745 1111 2819 pro
1128 2720 1240 2810 nobis,
1253 2745 1315 2793 seu
1333 2721 1474 2793 nomine
1493 2737 1625 2810 nostro,

416 2821 453 2894 in
480 2819 641 2920 predicto
665 2836 869 2895 tenemento
892 2847 973 2895 cum
998 2821 1070 2895 suis
1095 2821 1318 2920 pertinenciis
1343 2820 1515 2921 quicquid
1535 2823 1627 2938 juris

416 2921 641 3022 proprietatis
673 2947 735 2995 seu
777 2923 899 2996 clamei
932 2923 977 2996 de
1005 2939 1120 2997 cetero
1160 2923 1300 3022 exigere
1341 2921 1398 2996 vel
1440 2922 1626 2998 vendrcare

416 3024 587 3098 debemus
611 3024 649 3096 in
674 3023 852 3114 futurum,
877 3039 929 3097 set
950 3023 993 3096 ab
1015 3023 1114 3098 omni
1140 3024 1222 3098 inde
1239 3023 1331 3123 juris
1353 3024 1492 3098 accione
1516 3025 1625 3098 simus

416 3123 546 3199 exclusi
565 3149 627 3224 per
644 3140 840 3223 presentem
858 3125 1130 3224 imperpetuum.

494 3227 534 3298 ln
569 3224 669 3326 cujus
710 3227 759 3299 rei
794 3226 1037 3300 testimonium
1068 3225 1221 3325 presenti
1256 3224 1370 3326 sigilla
1403 3241 1523 3300 nostra
1564 3252 1627 3326 ap-

418 3327 610 3427 posuimus.

493 3428 588 3501 Data
617 3426 786 3500 Dovorra
815 3427 954 3500 decimo
987 3425 1045 3499 die
1078 3427 1236 3526 Augusti
1264 3453 1357 3502 anno
1386 3429 1486 3528 regni
1517 3429 1626 3530 Regis

419 3527 583 3617 Henrici,
600 3528 715 3626 quinti
733 3525 864 3626 Anglie
881 3544 962 3625 post
978 3543 1224 3627 conquestum,
1242 3529 1364 3604 tercio.
