3616 5264
412 484 488 556 424
775 463 956 540 novus
981 463 1261 540 cunnrsns

911 785 1122 866 CXXV.

788 960 1249 1044 xsjdlenpntmsssuz

1010 1143 1034 1196 l.

417 1269 634 1347 Novssrnr
658 1268 812 1346 universi
838 1294 900 1368 per
927 1284 1105 1368 presentes
1131 1294 1207 1358 nos,
1238 1269 1436 1344 Robertum
1466 1267 1631 1368 Hedley,

417 1372 463 1447 de
480 1370 564 1446 ville
578 1388 615 1446 et
631 1387 739 1472 portu
756 1371 893 1458 Dovor,
914 1371 950 1443 in
980 1371 1151 1444 comitatu
1174 1370 1317 1460 Kancie,
1341 1371 1566 1472 shipwright,
1594 1387 1631 1444 et

417 1473 439 1514 “
452 1472 657 1562 Katharina,
676 1496 765 1546 uxor
790 1471 878 1572 ejus,
896 1471 968 1546 filis
988 1489 1025 1544 et
1051 1472 1151 1546 heres
1175 1471 1350 1545 Willelmi
1375 1473 1628 1571 Spurnestone‚

419 1599 468 1648 nu
515 1601 533 1646 r
549 1573 594 1647 de
609 1574 738 1647 Dovor
755 1571 923 1672 predicte,
940 1571 1112 1662 defuncti,
1130 1598 1196 1672 pro
1212 1589 1307 1647 certa
1322 1573 1471 1673 pecunie
1486 1597 1629 1646 summa

419 1599 813 1772 nollspu10hmnem
831 1672 957 1762 Lucas,
972 1673 1017 1747 de
1035 1673 1118 1747 villa
1139 1689 1175 1747 et
1199 1689 1307 1772 portu
1333 1673 1512 1772 predictis,
1529 1673 1628 1772 ship-

419 1775 561 1876 wright,
579 1774 666 1848 bene
682 1790 719 1848 et
735 1772 886 1848 fideliter
904 1798 965 1872 pre
982 1773 1144 1848 manibus
1162 1773 1289 1864 soluts,
1314 1799 1354 1847 ec
1378 1774 1454 1848 aliis
1478 1774 1629 1848 diversis

418 1874 760 1951 consideracionibus
793 1873 897 1949 nobis
928 1899 945 1948 s
990 1873 1123 1948 cialiter
1162 1873 1399 1964 moventibus,
1441 1875 1627 1968 remisisse,

420 1975 598 2067 relaxasse,
615 1991 652 2050 et
668 1974 818 2049 omnino
834 1975 879 2049 de
896 1899 1000 2048 nolis
1016 2001 1083 2074 pro
1099 1974 1201 2050 nobis
1221 1991 1258 2050 et
1283 1975 1473 2050 heredibus
1496 1975 1629 2050 nostris

420 2077 583 2177 quietum
620 2077 785 2150 clamasse
823 2073 962 2174 prefato
998 2076 1151 2171 Johcnni
1190 2075 1315 2168 Lucas,
1353 2077 1390 2150 in
1419 2076 1495 2177 ejus
1523 2077 1629 2176 plena

420 2177 637 2278 possessione
673 2175 845 2250 existente
883 2175 1052 2250 heredum
1082 2192 1118 2250 et
1147 2177 1417 2276 assignatorum,
1447 2179 1493 2252 sd
1521 2202 1627 2250 usum

419 2277 579 2379 ejusdem
595 2275 766 2372 Johsnnis
783 2276 907 2368 Lucas,
928 2276 1098 2351 heredum
1122 2292 1160 2351 et
1183 2277 1440 2376 assignatorum
1466 2303 1628 2366 suorum,

419 2379 683 2478 imperpetuum
708 2392 826 2452 totum
852 2377 934 2451 inde
959 2393 1122 2452 nostrum
1141 2375 1288 2452 titulum
1312 2379 1498 2468 clameum,
1515 2379 1629 2453 inter-

420 2503 504 2569 esse,
522 2495 559 2552 et
575 2477 791 2552 demendum
808 2503 878 2579 que
894 2478 1062 2552 habemus
1078 2477 1265 2552 habuimus
1286 2503 1348 2552 seu
1364 2479 1493 2579 quovis
1517 2480 1629 2553 modo

421 2578 459 2652 in
483 2576 646 2652 futurum
673 2576 799 2652 hebere
868 2578 1027 2670 terimus,
1045 2579 1091 2652 de
1107 2595 1143 2653 et
1161 2578 1197 2653 in
1214 2579 1236 2620 “
1248 2594 1367 2655 totum
1384 2579 1473 2654 illud
1491 2605 1627 2654 novum

421 2679 609 2780 gudinum
623 2703 704 2752 cuns
716 2679 815 2754 omni
840 2704 882 2753 us
894 2677 966 2752 suis
978 2679 1214 2776 pertinenciis,
1227 2679 1628 2781 scituctum,jacentem,

422 2796 458 2854 et
485 2779 691 2853 existentem
719 2778 811 2854 infra
836 2779 1047 2868 libertatem,
1075 2779 1169 2868 ville,
1197 2797 1234 2854 et
1259 2797 1385 2880 portus
1414 2780 1562 2880 predicti
1590 2781 1628 2856 in

423 2881 582 2981 Georges
620 2880 765 2967 Warde,
799 2879 973 2970 videlicet,
1004 2881 1096 2954 inter
1125 2905 1352 2956 communem
1381 2883 1475 2955 vism
1505 2907 1630 2955 versus

422 2981 628 3070 northwest,
658 2981 691 3054 le
721 2979 800 3054 cliff
823 3005 944 3054 versus
968 2981 1158 3070 southeast,
1185 2998 1315 3057 terrem
1341 2982 1484 3056 domine
1510 2999 1630 3056 nostre

425 3083 556 3180 regine,
584 3107 696 3180 nuper
723 3081 957 3179 pertinentem
984 3082 1028 3156 ad
1055 3083 1206 3158 domum
1233 3083 1291 3157 dei
1317 3085 1444 3158 Dovor
1460 3083 1629 3184 predicte,

426 3199 584 3256 vocatam
618 3180 651 3256 le
685 3182 818 3255 maison
851 3181 946 3272 dieu,
984 3184 1094 3258 modo
1134 3183 1172 3256 in
1214 3183 1446 3282 occupatione
1487 3183 1632 3258 Thome

425 3282 623 3371 Cockerell,
653 3305 777 3356 versus
809 3283 1002 3358 southwest
1041 3300 1077 3358 et
1120 3283 1326 3359 northesst:
1367 3285 1422 3358 Ita
1463 3283 1631 3360 videlicet

425 3384 524 3482 quod
541 3407 697 3473 necnee,
716 3383 895 3481 predictus
913 3385 1089 3459 Robertus
1104 3383 1251 3482 Hedley
1266 3401 1303 3459 et
1321 3385 1525 3476 Katlrerins,
1538 3411 1632 3459 uxor

425 3482 509 3583 ejus,
538 3507 602 3556 nec
628 3483 772 3558 heredes
798 3486 921 3578 nostri,
948 3509 1012 3558 nec
1029 3485 1155 3601 aliquis
1170 3485 1259 3560 alius
1282 3511 1346 3585 per
1362 3511 1427 3560 nos
1443 3511 1510 3604 pro
1527 3486 1632 3561 nobis

424 3609 487 3658 seu
513 3584 656 3658 nomine
681 3600 816 3678 nostro,
841 3585 984 3684 aliquod
995 3586 1059 3686 jus
1074 3585 1231 3678 trtulum,
1248 3585 1432 3676 clameum,
1449 3603 1630 3679 interesse,

426 3686 482 3760 vel
499 3684 716 3758 demendum
732 3685 769 3757 in
787 3683 925 3782 prefato
965 3687 1090 3761 ardino
1109 3711 1190 3762 cum
1216 3688 1288 3761 suis
1311 3687 1546 3787 pertinenciis,
1565 3713 1632 3762 nec

426 3785 463 3860 in
491 3785 608 3885 aliqua
631 3785 715 3859 inde
741 3785 900 3883 parcella,
928 3712 973 3862 <le
1000 3803 1118 3862 cetero
1144 3787 1303 3880 demere,
1330 3789 1553 3880 demandare,
1572 3789 1630 3863 vel

426 3885 610 3960 vendicare
626 3885 833 3984 poterimus,
851 3913 915 3961 nec
932 3886 1100 3962 debemus
1116 3889 1246 3988 quovis
1260 3890 1371 3964 modo
1391 3890 1428 3963 in
1454 3888 1629 3980 futurum,

425 3987 486 4062 sed
504 3987 547 4060 ab
564 3986 662 4060 omni
679 3989 818 4061 accione
829 3987 922 4088 juris
939 3989 1046 4079 tituli,
1063 4005 1100 4063 et
1118 3989 1253 4084 clamei,
1270 3989 1448 4084 demendi,
1465 4007 1503 4064 et
1519 3990 1632 4064 inter-

425 4113 499 4162 esse
516 4089 553 4161 in
570 4087 702 4162 eisdem
730 4089 871 4186 penitus
892 4115 1016 4166 sumus
1042 4091 1185 4180 exclusi,
1210 4107 1247 4165 et
1272 4117 1335 4192 per
1359 4108 1537 4192 presentes
1561 4091 1632 4165 im-

425 4205 639 4289 perpetuum
655 4189 802 4287 expulsi.

502 4290 544 4363 In
562 4289 662 4389 cujus
679 4289 728 4362 rei
746 4291 991 4366 testimonium
1011 4317 1086 4380 nos,
1104 4291 1283 4391 predictus
1296 4292 1473 4366 Robertus
1486 4292 1633 4392 Hedley
