3702 5254
462 459 533 555 316
819 459 1001 533 DOVER
1027 458 1307 534 CHARTERS

459 657 579 732 catalla
603 658 720 734 exitus
748 675 785 732 et
813 660 971 758 proficua
996 659 1127 735 eisdem
1153 659 1299 761 Majori,
1327 658 1476 748 Ballivo,
1492 676 1529 734 et
1556 661 1669 733 Com-

461 759 627 834 munitati
656 759 784 835 danus
812 777 849 834 et
878 761 1106 836 concedimus
1135 787 1197 862 per
1224 777 1399 859 presentes
1425 762 1462 833 in
1491 785 1668 861 quorum-

460 885 624 960 cumque,
643 862 717 936 sive
735 861 1004 962 cu'uscumque,
1019 861 1179 936 manibus
1192 887 1254 936 seu
1269 863 1485 959 possessione
1498 863 1666 948 existunt,

460 978 522 1036 aut
539 962 655 1061 aliqua
671 888 818 1060 parcella
833 964 1029 1038 eorundem
1047 964 1176 1052 existit,
1203 988 1241 1036 ac
1266 962 1364 1036 dono
1389 979 1511 1037 nostro
1535 963 1667 1061 absque

461 1063 582 1162 aliquo
609 1079 777 1162 compoto
803 1089 866 1138 seu
892 1065 1014 1164 aliquo
1040 1065 1109 1138 alio
1137 1062 1239 1138 nobis
1257 1061 1313 1136 vel
1332 1063 1523 1138 heredibus
1539 1064 1668 1137 nostris

462 1164 545 1238 inde
561 1163 743 1254 reddend',
758 1164 930 1254 solvend’,
947 1191 1010 1239 seu
1031 1163 1180 1240 faciend'
1197 1195 1205 1238 :
1234 1164 1507 1238 Panoonnmus
1526 1167 1669 1262 insuper

462 1264 679 1340 remittimus
695 1283 732 1338 et
749 1263 943 1340 relaxamus
959 1267 1093 1340 eisdem
1113 1265 1256 1367 Majori,
1275 1265 1422 1357 Ballivo,
1441 1283 1477 1340 et
1496 1265 1670 1340 Commu-

463 1366 564 1439 nitati
581 1366 808 1441 omnimodos
824 1382 1051 1465 contemptus
1068 1367 1155 1440 fines
1167 1382 1202 1440 et
1217 1364 1457 1441 forisfacturas
1475 1366 1587 1453 nobis,
1605 1391 1668 1438 seu

462 1467 565 1540 alicui
584 1468 851 1566 progenitorum
880 1485 1095 1556 nostrorum,
1122 1466 1233 1541 factos
1256 1467 1332 1540 sive
1357 1465 1566 1555 forisfactus,
1589 1482 1670 1540 ante

461 1567 600 1642 dictum
618 1569 826 1642 vicesimum
856 1569 1005 1642 tercium
1036 1569 1143 1660 diem,
1174 1594 1240 1667 pro
1269 1568 1394 1642 ordine
1425 1569 1567 1642 militari
1598 1592 1669 1640 non

463 1685 627 1768 suscepto
643 1695 706 1744 seu
724 1669 946 1768 suscipiend',
963 1671 1038 1743 sive
1056 1695 1127 1744 non
1144 1669 1343 1744 assumend’
1370 1671 1426 1743 vel
1452 1668 1641 1768 recipiend’
1660 1696 1668 1740 :

464 1769 628 1843 Aceciam
646 1772 766 1844 omnia
781 1787 818 1843 et
837 1771 1045 1844 omnimoda
1056 1787 1152 1844 vasta
1164 1771 1463 1868 prosternaciones
1475 1787 1510 1843 et
1527 1769 1672 1842 decasus

464 1870 669 1959 domorum,
686 1887 767 1944 ante
784 1873 939 1946 eundem
956 1871 1052 1945 diem
1069 1870 1159 1945 facta
1221 1871 1344 1944 rmissa
1360 1873 1434 1945 sive
1462 1887 1669 1970 perpetrata,

466 1987 586 2045 contra
624 1970 776 2045 formam
815 1973 937 2046 statuti
976 1973 1112 2046 domini
1153 1897 1220 2046 lle
1250 1997 1363 2070 nuper
1398 1972 1506 2072 Regis
1539 1970 1673 2069 Anglie

465 2073 619 2170 septimi,
640 2071 748 2169 patris
766 2073 888 2162 nostri,
905 2097 998 2147 anno
1015 2073 1115 2174 regni
1132 2073 1186 2148 sui
1204 2090 1333 2188 quarto
1356 2073 1439 2147 inde
1464 2073 1619 2172 proviso,
1636 2089 1674 2145 et

465 2198 609 2247 omnem
628 2169 887 2247 forisfacturam
906 2173 1019 2265 nobis,
1036 2200 1098 2249 seu
1126 2173 1227 2248 aliem
1247 2175 1517 2274 progenitorum
1536 2189 1675 2246 nostro-

466 2298 560 2362 rum,
590 2299 630 2346 ea
658 2273 837 2347 occasione
863 2275 1098 2372 pertinentem
1124 2301 1186 2348 seu
1214 2292 1454 2373 spectantem:
1486 2277 1673 2348 Acacrau

467 2374 715 2473 perdonamus,
749 2375 976 2464 remittimus,
1017 2393 1053 2449 et
1093 2375 1288 2450 relaxamus
1328 2375 1551 2449 omnimodas
1588 2374 1676 2446 fines

467 2492 503 2548 et
537 2475 805 2549 amerciamenta
840 2477 1089 2565 comitatuum,
1124 2477 1322 2566 civitatum,
1358 2475 1567 2577 burgorum,
1600 2475 1676 2547 sive

469 2576 633 2650 villarum
675 2592 737 2649 aut
779 2577 979 2651 villatarum
1021 2603 1122 2652 causa
1158 2576 1316 2677 alicujus,
1355 2593 1435 2651 ante
1474 2576 1676 2676 predictum

470 2677 676 2750 vicesimum
694 2677 845 2751 tercium
862 2677 958 2751 diem
982 2678 1127 2777 Aprilis,
1155 2678 1266 2767 nobis,
1292 2703 1355 2752 seu
1381 2677 1483 2752 alicui
1509 2676 1679 2776 progeni-

468 2794 590 2851 torum
625 2793 840 2867 nostrorum,
870 2778 1006 2853 debitas
1035 2779 1109 2852 sive
1138 2778 1363 2878 deperditas:
1400 2779 1676 2853 Panoonnraus

469 2879 578 2952 eciam
595 2895 632 2952 et
649 2878 843 2954 relaxamus
860 2881 995 2956 eisdem
1014 2880 1158 2996 Majori,
1180 2879 1328 2968 Ballivo,
1352 2896 1388 2954 et
1417 2879 1677 2954 Communitati

469 3005 593 3054 omnes
631 2995 667 3054 et
692 2981 914 3054 omnimodas
938 2980 1177 3055 edificationes
1205 2981 1396 3068 Turrium,
1426 2997 1463 3054 et
1494 2979 1679 3053 imbatilla-

470 3081 621 3171 cionem,
656 3081 924 3156 mascalcionum
959 3083 1164 3169 domorum,
1200 3105 1398 3170 murorum,
1433 3097 1495 3154 aut
1528 3081 1680 3182 ¹alicujus

470 3182 612 3256 alterius
642 3181 884 3272 edificationis,
914 3184 972 3255 vel
998 3207 1312 3283 quorumcumque
1338 3181 1558 3256 edificiorum
1585 3183 1681 3280 ipso-

472 3307 553 3356 rum
572 3283 733 3383 Majoris,
751 3281 888 3370 Ballivi,
907 3299 943 3356 et
964 3282 1250 3370 communitatis,
1274 3307 1337 3357 seu
1362 3281 1512 3382 alicujus
1537 3283 1681 3356 alterius

470 3383 516 3457 ad
545 3409 670 3457 eorum
701 3407 819 3472 usum,
848 3384 980 3482 absque
1009 3384 1152 3458 licencia
1184 3385 1291 3483 regia,
1329 3401 1409 3456 ante
1439 3409 1479 3456 ea
1508 3400 1681 3482 tempora,

472 3481 588 3573 factas,
607 3501 831 3582 perpetratas,
845 3501 907 3557 aut
920 3501 1093 3583 reparatas
1103 3509 1166 3583 per
1178 3485 1272 3582 ipsos
1286 3483 1476 3584 Majorem,
1490 3484 1681 3572 Ballivum,

473 3602 508 3657 et
544 3583 848 3658 communitatem
880 3601 941 3659 aut
970 3584 1072 3658 aliam
1099 3610 1283 3684 personam
1308 3609 1596 3685 quamcumque:
1624 3587 1683 3657 Ac

473 3709 579 3758 omne
608 3683 645 3758 id
676 3687 774 3784 quod
805 3687 849 3760 ad
879 3712 945 3758 nos
979 3687 1133 3785 pertinet
1171 3687 1228 3760 vel
1262 3686 1440 3786 pertinere
1478 3685 1584 3760 debet
1619 3703 1683 3760 aut

474 3785 618 3860 deberet
652 3787 787 3860 ratione
821 3788 1072 3886 premissorum
1106 3803 1167 3861 aut
1201 3812 1327 3861 eorum
1360 3786 1510 3887 alicujus
1549 3786 1683 3860 eisdem

477 3886 621 3986 Majori,
651 3883 797 3976 Ballivo,
825 3905 860 3962 et
889 3888 1148 3963 Communitati
1172 3889 1297 3961 damus
1322 3903 1359 3960 et
1376 3887 1603 3962 concedimus
1621 3912 1686 3985 per

475 4003 677 4088 presentes:
706 3986 766 4061 Er
787 4014 977 4062 utrantos
995 3989 1041 4063 de
1058 3989 1212 4063 uberiori
1230 4007 1266 4062 et
1280 3988 1554 4062 habundanciori
1567 3989 1684 4087 gracia

475 4107 511 4164 et
530 4113 629 4163 mero
646 4106 747 4162 motu
768 4089 895 4164 nostris
919 4090 1167 4189 perdonamus,
1190 4089 1417 4176 remittimus,
1436 4105 1472 4162 et
1488 4089 1685 4162 relaxamus

475 4215 537 4290 per
581 4207 758 4289 presentes
797 4189 940 4290 prefatis
984 4191 1128 4281 Ma'ori,
1170 4189 1317 4280 Ballivo‚
1347 4206 1383 4262 et
1423 4189 1684 4264 Communitati

474 4316 598 4366 omnes
615 4307 650 4365 et
668 4291 824 4391 singulas
839 4308 1019 4391 rupturas,
1032 4217 1213 4382 liacturas,
1231 4309 1266 4364 et
1284 4291 1507 4382 violationes,
1520 4291 1685 4364 omnium
