3748 5266
450 427 523 496 280
809 417 991 494 DOVER
1016 415 1296 494 CHARTERS

987 719 1123 803 XCI.

829 903 864 985 iij
889 903 986 983 Julii,
1014 917 1052 984 14
1077 902 1167 970 Heu
1191 901 1273 969 vll.

448 1055 596 1130 Scmur
613 1071 791 1153 presentes
807 1072 844 1128 et
864 1054 976 1129 futuri
1002 1059 1101 1156 quod
1127 1081 1207 1158 ego,
1234 1055 1406 1130 Ricardus
1432 1057 1587 1142 Barovve,
1615 1054 1660 1126 de

447 1157 624 1246 Dovorra,
662 1157 745 1232 dedi
787 1157 940 1230 concessi
970 1173 1019 1247 et,
1048 1159 1112 1230 hac
1141 1157 1295 1255 presenti
1330 1173 1425 1230 carta
1453 1181 1541 1244 mea,
1573 1181 1661 1228 con·

447 1257 584 1330 firmavi
602 1257 735 1352 Jacobo
750 1259 883 1352 Justioe
901 1260 945 1333 de
961 1259 1096 1348 eadem,
1113 1273 1149 1332 et
1161 1258 1319 1350 isabelle,
1337 1259 1438 1332 uxori
1453 1282 1525 1345 sue,
1544 1281 1660 1328 unum

447 1358 637 1532 gardinum
655 1383 737 1433 cum
764 1359 987 1458 pertinenciis
1008 1359 1183 1462 jacentem
1200 1357 1293 1433 infra
1308 1358 1507 1432 libertatem
1525 1359 1660 1432 Portus

487 1484 614 1533 ovorre
642 1461 678 1533 in
705 1461 1030 1548 bouremanvvarde,
1058 1461 1150 1534 inter
1179 1485 1404 1534 communem
1431 1459 1606 1534 venellam
1623 1473 1660 1530 et

447 1577 579 1634 terram
597 1561 768 1635 heredum
789 1561 952 1635 Nicholai
973 1561 1070 1658 ffyne
1087 1587 1209 1635 versus
1225 1577 1322 1651 vvest,
1341 1578 1466 1635 terram
1486 1559 1659 1634 heredum

448 1661 534 1734 dicti
554 1661 729 1750 Nicholai,
749 1662 895 1764 Regiam
913 1679 1055 1737 stratam
1074 1678 1109 1735 et
1132 1679 1261 1736 terram
1287 1661 1457 1736 heredum
1482 1659 1659 1733 Willelmi

450 1763 624 1860 Mytrone
653 1789 774 1836 versus
804 1765 923 1852 north,
955 1780 1082 1837 terram
1106 1763 1276 1838 heredum
1303 1763 1388 1838 dicti
1420 1761 1592 1834 Willelmi
1623 1776 1662 1832 et

448 1878 578 1936 terram
609 1863 779 1938 heredum
808 1865 979 1958 Johannis
1012 1865 1173 1962 Penyote
1206 1890 1326 1938 versus
1356 1879 1441 1953 east,
1465 1879 1502 1935 et
1527 1879 1660 1935 terram

448 1963 589 2038 Ricardi
616 1964 707 2038 Cant
733 1989 854 2038 versus
871 1966 1028 2039 sovvthe:
1059 1964 1207 2040 habend‘
1233 1983 1268 2040 et
1294 1965 1436 2039 tenend’
1457 1963 1659 2062 predictum

452 2063 674 2164 [gardinum]
713 2090 794 2138 cum
830 2067 1053 2164 pertinenciis
1091 2064 1235 2165 prefatis
1267 2067 1401 2161 Jacobo
1433 2081 1469 2138 et
1500 2062 1659 2152 lsabelle,

452 2163 638 2240 heredibus
667 2181 703 2238 et
733 2165 915 2265 assignatis
944 2167 1027 2256 suis,
1058 2167 1345 2266 imperpetuum:
1387 2166 1549 2240 ffaciend’
1576 2165 1662 2238 inde

449 2265 637 2340 servicium
668 2265 816 2341 domino
849 2268 935 2367 Regi
968 2268 1162 2342 secundum
1202 2267 1495 2342 consuetudinem
1534 2281 1661 2365 portus

448 2366 598 2466 predicti
626 2391 708 2440 cum
734 2369 910 2460 acciderit,
938 2395 977 2443 ac
1004 2369 1081 2443 aliis
1101 2369 1256 2443 dominis
1272 2367 1368 2444 feodi
1395 2368 1488 2441 illius
1506 2393 1567 2467 per
1584 2393 1660 2441 ser·

450 2467 539 2542 vicia
564 2467 648 2542 inde
673 2467 723 2541 eis
748 2467 867 2544 debita
893 2487 929 2542 et
951 2471 996 2544 de
1008 2470 1091 2572 jure
1108 2487 1297 2544 consueta:
1325 2486 1362 2543 et
1378 2495 1458 2570 ego,
1477 2467 1660 2568 predictus

450 2567 623 2642 Ricardus
660 2570 796 2660 Barow,
835 2570 981 2646 heredes
1013 2571 1095 2660 mei,
1131 2571 1330 2670 predictum
1356 2571 1543 2672 gardinum
1575 2595 1660 2643 cum

449 2669 673 2768 pertinenciis
689 2668 835 2770 prefatis
853 2671 986 2766 Jacobo
998 2689 1034 2746 et
1047 2673 1202 2764 lsabelle,
1220 2671 1407 2747 heredibus
1423 2687 1459 2746 et
1476 2671 1662 2772 assignatis

451 2771 535 2858 suis,
553 2787 677 2845 contra
694 2797 817 2846 omnes
833 2789 955 2888 gentes
971 2773 1277 2847 warantizabimus
1294 2774 1567 2872 imperpetuum.

526 2873 569 2946 ln
586 2872 686 2975 cujus
703 2873 753 2947 rei
770 2875 1017 2949 testimonium
1035 2873 1116 2948 huic
1133 2874 1284 2973 presenti
1303 2891 1395 2948 carte
1412 2900 1489 2948 mee
1501 2872 1662 2973 sigillum

451 2999 572 3048 meum
589 2976 745 3073 apposui.

529 3077 624 3150 Data
649 3076 744 3174 apud
773 3077 975 3150 Dovorrem
1003 3075 1198 3175 predictam
1224 3075 1337 3149 tercio
1363 3076 1421 3150 die
1447 3075 1535 3169 Julii
1565 3101 1662 3148 anno

450 3175 550 3276 regni
569 3177 676 3277 Regis
694 3177 844 3252 Henrici
862 3177 1002 3275 septimi
1023 3177 1164 3277 Anglie‚
1180 3192 1308 3277 quarto
1324 3177 1471 3251 decimo.

528 3277 615 3351 Hiis
639 3278 811 3352 testibus:
838 3279 1001 3372 Johanne
1028 3279 1226 3378 Byngham‚
1252 3294 1338 3351 tunc
1360 3277 1524 3380 Majore;
1552 3277 1662 3352 Hen-

451 3377 527 3451 rico
556 3378 695 3477 Balgy3
723 3378 879 3454 Ricardo
910 3380 1027 3468 Cant3
1055 3379 1220 3454 Henrico
1249 3395 1285 3454 at
1315 3380 1446 3468 Wode,
1477 3379 1660 3452 communi

452 3477 604 3567 clerico;
632 3478 791 3553 Roberto
809 3481 971 3578 Martyn,
989 3481 1161 3554 serviente
1180 3479 1357 3582 Majoris3
1383 3497 1419 3554 et
1435 3480 1522 3553 aliis.

453 3923 561 4024 [¹48]
