3722 5238
441 419 512 514 ³7⁰
800 417 975 494 DOVER
1000 416 1277 492 CHARTERS

992 617 1098 702 CX.

696 791 1385 878 tseptembrtnthPhlLetMar.

441 947 532 1024 Hrc
558 949 750 1026 indenturr
774 967 924 1026 testatur
940 951 1039 1051 quod
1056 950 1219 1026 Thomas
1239 950 1405 1052 ffynnett,
1423 947 1547 1051 Major
1562 945 1649 1022 ville

439 1065 476 1124 et
501 1051 635 1124 Portus
655 1052 826 1144 Dovorie,
843 1051 880 1125 in
907 1052 1093 1126 Comitatu
1111 1051 1252 1142 Kancie,
1271 1052 1450 1147 Johannes
1476 1047 1649 1137 Marbull,

440 1149 618 1250 Johannes
645 1151 809 1242 Robines,
839 1152 1042 1226 Willelmus
1071 1152 1226 1250 Geylles,
1256 1169 1292 1227 et
1322 1149 1500 1226 Robertus
1528 1149 1649 1238 Seller,

442 1251 619 1328 Custodes
635 1253 729 1328 dicte
747 1253 841 1341 ville,
859 1253 880 1294 '¹
891 1279 961 1326 una
972 1253 1130 1326 animum
1144 1279 1284 1326 assensu
1297 1269 1333 1326 et
1345 1277 1519 1327 consensu
1535 1251 1649 1325 totius

441 1353 720 1428 Communitatis
743 1354 903 1456 ejusdem
925 1355 1010 1428 ville
1032 1353 1256 1428 tradiderunt
1281 1367 1526 1427 concesserunt
1544 1369 1581 1427 et
1604 1351 1649 1424 ad

439 1453 558 1529 *fiodi
583 1456 722 1528 firmam
747 1455 996 1528 'demiserunt
1024 1455 1216 1528 Valentino
1243 1455 1402 1553 Uptone,
1430 1453 1476 1527 de
1500 1453 1585 1529 villa
1612 1466 1649 1527 et

442 1572 549 1653 portu
587 1557 748 1630 Dovorie
785 1555 952 1653 predicte,
991 1580 1152 1654 yeoman‚
1196 1581 1307 1628 unum
1337 1555 1527 1654 gardinum
1566 1577 1649 1627 cum

440 1655 605 1731 omnibus
639 1657 864 1754 pertinenciis
902 1657 1143 1730 continentem
1176 1655 1213 1730 in
1247 1655 1473 1756 longitudine
1506 1654 1650 1728 alevene

440 1755 587 1854 tayllors
612 1758 736 1856 yardes
759 1757 868 1831 anda
892 1755 1011 1848 hallfe,
1029 1773 1066 1831 et
1091 1757 1128 1830 in
1148 1756 1336 1830 latitudine
1356 1781 1480 1831 versus
1502 1754 1650 1856 Regiam

440 1873 586 1931 stratam
620 1883 685 1958 syx
719 1857 844 1953 yardes
876 1857 946 1932 and
979 1856 1142 1946 ahallfe,
1178 1873 1214 1930 et
1248 1857 1406 1930 allteram
1433 1873 1570 1955 partem
1604 1856 1651 1929 ad

441 1957 558 2032 buttat
584 1959 628 2034 ad
654 1975 762 2032 terras
786 1957 935 2058 predicti
962 1957 1143 2032 Valentini
1161 1957 1312 2057 Uptone
1329 1957 1544 2032 *continent
1563 1953 1651 2054 fyve

439 2059 585 2156 tayllors
610 2060 734 2157 yardes
759 2059 829 2134 and
854 2085 874 2131 a
898 2056 1018 2150 hallfe,
1046 2059 1223 2160 jacentem
1258 2074 1295 2132 et
1323 2059 1530 2132 existentem
1556 2054 1651 2130 infra

439 2157 637 2233 libertatem
670 2159 755 2234 ville
787 2174 825 2233 et
858 2175 984 2258 portus
1018 2159 1178 2234 Dovorie
1211 2158 1368 2257 predicte
1402 2159 1438 2231 in
1467 2158 1500 2231 le
1534 2157 1650 2230 Ward

441 2276 564 2334 vocata
590 2316 598 2334 .
629 2316 637 2334 .
666 2317 675 2334 .
701 2260 827 2349 warde,
847 2261 940 2335 inter
966 2277 1094 2334 terram
1120 2260 1269 2358 predicti
1296 2259 1473 2333 Valentini
1500 2259 1651 2356 Uptone

438 2384 561 2434 versus
586 2363 779 2449 northeast,
797 2377 833 2434 et
858 2386 1085 2436 communem
1109 2361 1281 2434 venellam
1303 2385 1425 2435 versus
1450 2358 1651 2448 southeast,

439 2476 475 2533 et
506 2461 653 2561 Regiam
674 2477 820 2536 stratam
847 2486 970 2536 versus
993 2463 1246 2549 sowtheweast,
1273 2477 1309 2535 et
1325 2461 1449 2534 *terre
1467 2461 1653 2558 hospitalis

439 2561 554 2635 Sancti
604 2562 848 2636 Barthilomeu
897 2587 1023 2637 versus
1074 2565 1319 2651 northeweast,
1362 2559 1548 2635 Hasruo’
1604 2586 1651 2634 rr

441 2663 605 2736 aauaxo'
639 2663 840 2761 predictum
874 2662 1066 2761 gardinum
1099 2688 1181 2736 cum
1219 2661 1384 2736 omnibus
1426 2661 1653 2761 pertinenciis

440 2761 578 2861 prefato
606 2763 799 2837 Valentino
824 2764 974 2862 Uptone
999 2763 1117 2837 hered'
1141 2779 1177 2836 et
1202 2763 1267 2836 assi
1295 2762 1367 2836 nat’
1389 2762 1505 2835 ‘suos
1522 2787 1542 2834 a
1558 2759 1653 2835 festo

439 2863 555 2936 Sancti
586 2863 773 2938 Michaelis
797 2863 1032 2964 Archeangeli
1061 2862 1226 2962 proximo
1299 2880 1381 2937 turo
1416 2877 1498 2962 post
1529 2863 1652 2936 datam

440 2963 657 3060 presentium
687 2965 731 3038 de
759 2989 852 3038 anno
881 2965 917 3038 in
947 2989 1080 3038 annum
1110 2989 1184 3038 uno
1210 2963 1429 3062 postellum
1460 2988 1572 3062 usque
1606 2965 1652 3038 ad

441 3064 547 3137 finem
574 3081 610 3138 et
638 3065 831 3139 terminum
854 3063 1009 3138 lxxxxix.
1037 3090 1211 3138 annorum
1239 3079 1368 3138 extunc
1401 3065 1652 3162 proximorum

440 3165 664 3265 sequentium
689 3183 725 3240 et
751 3165 905 3264 plenarie
931 3165 1156 3263 complend';
1183 3163 1330 3240 faciend’
1356 3164 1440 3238 inde
1463 3165 1651 3240 servitium

439 3265 668 3340 dominorum
704 3283 907 3340 nostrorum
950 3266 1057 3366 Regis
1095 3281 1132 3339 et
1167 3265 1301 3366 Regine
1334 3265 1528 3339 secundum
1563 3291 1652 3339 con-

441 3366 667 3440 suetudinem
684 3367 770 3440 ville
785 3386 822 3442 et
839 3383 963 3466 portus
981 3367 1142 3440 Dovorie
1155 3367 1310 3465 predicte
1323 3392 1406 3440 cum
1419 3366 1440 3407 ⁴¹
1450 3366 1624 3440 accideret
1641 3394 1649 3440 :

439 3491 479 3540 ac
512 3468 618 3540 etiam
653 3466 797 3541 redend’
830 3483 867 3542 et
908 3467 1068 3541 solvend’
1104 3467 1187 3541 inde
1229 3467 1410 3540 annuatim
1446 3466 1579 3582 Majori
1613 3483 1652 3541 et

440 3567 659 3642 Custodibus
670 3569 763 3642 dicte
774 3567 859 3643 ville
871 3569 935 3668 qui
949 3584 1034 3640 tune
1052 3593 1118 3666 pro
1135 3584 1295 3666 tempore
1311 3567 1332 3608 ⁴¹
1342 3564 1487 3641 fuerunt
1505 3564 1653 3642 infesto

442 3668 835 3768 Assumptionis¹beat’
848 3669 965 3741 Maria
975 3667 1133 3768 Virginis
1143 3667 1422 3743 octo'dinatios
1431 3693 1498 3766 pro
1508 3668 1652 3742 annuali

441 3767 570 3859 reditu,
588 3785 624 3842 et
640 3770 670 3842 si
692 3769 874 3870 contingat
890 3769 1088 3867 predictum
1106 3770 1291 3842 annualem
1307 3768 1489 3842 redditum
1505 3768 1552 3841 de
1568 3785 1653 3844 octo

440 3869 596 3942 dinarios
616 3870 662 3943 ad
678 3867 812 3943 festum
834 3869 907 3945 vell
930 3871 1124 3945 terminum
1142 3894 1217 3969 quo
1233 3869 1323 3944 solvi
1340 3867 1467 3941 debeat
1485 3868 1654 3943 ‘aretero

443 3969 518 4045 lore
544 3971 581 4042 in
609 3987 706 4070 parte
733 3971 807 4045 vell
836 3971 872 4044 in
902 3987 982 4044 toto
1015 3971 1108 4045 ultra
1136 3970 1330 4044 terminum
1359 3970 1558 4067 predictum
1589 3995 1653 4068 per

441 4069 594 4168 spatium
624 4071 828 4172 quindecim
858 4070 1009 4162 dierum,
1040 4088 1125 4145 tunc
1152 4070 1291 4144 licitum
1311 4069 1416 4144 *erat
1445 4069 1579 4170 Majori
1614 4090 1653 4146 et

442 4171 662 4246 Custodibus
679 4175 762 4246 ville
779 4173 948 4272 predicte,
966 4173 1028 4272 qui
1046 4187 1133 4246 tunc
1150 4197 1216 4270 pro
1233 4188 1394 4268 tempore
1405 4170 1427 4211 ¹
1438 4171 1596 4260 fuerunt,
1614 4173 1653 4246 in

442 4271 641 4372 predictum
663 4275 853 4374 gardinum
878 4298 961 4347 cunr
978 4273 1143 4347 omnibus
1160 4271 1399 4372 pertinenciis,
1415 4272 1460 4346 ad
1479 4296 1653 4371 quarum-
