3702 5254
441 449 513 524 314
799 425 980 500 novun
1006 424 1287 501 cunni-ans

437 629 606 727 personis,
634 654 701 728 pro
727 653 763 702 se
790 643 852 702 aut
880 628 963 728 ipsis
983 627 1070 700 bene
1091 627 1246 728 gerend',
1262 627 1337 700 sive
1353 627 1510 728 gerend’,
1528 651 1645 700 coram

439 729 550 821 nobis,
569 745 630 803 aut
646 730 766 846 aliquo
782 730 1055 829 progenitorum
1074 745 1286 818 nostrorum,
1305 729 1361 802 vel
1379 729 1416 802 in
1433 727 1646 803 Cancellaria

438 846 567 919 nostra,
595 833 650 904 vel
677 830 822 932 alicujus
849 832 1119 930 progenitorum
1147 847 1362 920 nostrorum,
1384 829 1439 902 vel
1466 830 1503 902 in
1529 828 1645 928 aliqua

438 933 533 1005 curia
560 948 690 1021 nostra,
721 933 776 1006 vel
803 931 952 1033 alicujus
978 933 1249 1030 progenitorum
1279 947 1495 1020 nostrorum,
1526 955 1643 1003 coram

437 1031 614 1132 aliquibus
632 1031 842 1106 cancellariis
859 1033 913 1106 vel
926 1032 1132 1135 justiciariis
1158 1032 1214 1105 vel
1241 1031 1487 1104 commissariis
1504 1031 1643 1119 nostris,

438 1132 493 1206 vel
519 1133 667 1236 alicujus
693 1135 964 1235 progenitorum
992 1151 1207 1222 nostrorum,
1232 1133 1306 1206 sive
1331 1157 1450 1206 coram
1480 1132 1580 1205 nobis
1608 1149 1643 1205 et

438 1233 584 1308 consilio
619 1251 753 1323 nostro,
801 1234 857 1308 vel
889 1235 1038 1336 alicujus
1065 1235 1335 1334 progenitorum
1372 1249 1574 1308 nostrorum
1608 1250 1645 1306 et

438 1335 587 1410 consilio
628 1361 705 1425 suo,
748 1353 811 1410 aut
846 1361 964 1409 coram
1003 1335 1150 1409 consilio
1188 1335 1336 1409 alicu'us
1373 1335 1643 1433 progenitorum

438 1455 656 1525 nostrorum,
675 1436 731 1511 vel
749 1461 866 1510 coram
883 1437 960 1510 aliis
989 1436 1045 1510 vel
1072 1436 1250 1536 aliquibus
1266 1359 1310 1508 de
1327 1434 1473 1509 consilio
1498 1435 1645 1534 alicujus

438 1539 708 1638 progenitorum
745 1555 959 1626 nostrorum,
993 1539 1067 1610 sive
1109 1537 1306 1610 consiliario
1348 1553 1410 1610 aut
1444 1535 1646 1610 consiliariis

437 1639 585 1739 alicujus
602 1640 873 1739 progenitorum
892 1655 1098 1712 nostrorum
1114 1666 1121 1710 :
1150 1638 1314 1710 Aceciam
1340 1638 1460 1710 omnia
1476 1655 1512 1710 et
1529 1635 1646 1710 omni-

438 1741 545 1815 moda
572 1739 659 1813 fines
685 1741 801 1814 exitus
826 1756 862 1813 et
879 1739 1146 1812 amerciamenta
1162 1762 1268 1837 penas
1284 1737 1404 1811 debita
1423 1737 1595 1812 demanda
1609 1753 1646 1809 et

437 1840 620 1939 deperdita
637 1865 863 1940 quecumque
881 1864 943 1938 per
959 1841 1054 1938 ipsos
1077 1839 1266 1940 Majorem,
1284 1838 1474 1928 Ballivum,
1486 1855 1522 1911 et
1534 1839 1646 1912 Com-

439 1942 650 2016 munitatem
689 1941 726 2014 in
761 1940 1046 2041 quibuscumque
1082 1941 1189 2014 curiis
1225 1939 1365 2032 nostris,
1401 1965 1463 2013 seu
1499 1939 1647 2038 alicujus

437 2043 707 2142 progenitorum
743 2058 959 2130 nostrorum,
993 2067 1054 2115 seu
1089 2041 1171 2115 alibi
1204 2041 1324 2140 aliquo
1358 2040 1478 2128 modo,
1512 2040 1646 2113 ratione

438 2143 703 2242 premissorum,
721 2141 795 2215 sive
811 2167 936 2216 eorum
958 2143 1118 2243 alicujus,
1146 2140 1324 2216 forisfacta
1349 2142 1549 2242 adjudicata
1573 2142 1647 2214 sive

438 2268 510 2317 non
521 2243 720 2343 adjudicata
735 2270 742 2316 :
772 2244 921 2316 Necnon
935 2243 1158 2317 omnimodas
1170 2243 1331 2333 offensas,
1343 2242 1645 2342 transgressiones,

438 2341 687 2431 forisfacturas,
704 2345 888 2442 deperdita
904 2361 1027 2418 contra
1044 2342 1197 2418 formam
1208 2369 1521 2443 quorumcumque
1533 2359 1648 2416 statu-

437 2461 559 2519 torum
577 2460 613 2517 et
630 2444 877 2542 provisionum
894 2445 939 2518 de
950 2445 1041 2545 jocis
1058 2447 1154 2519 ludis
1170 2443 1299 2518 illicitis
1315 2461 1351 2518 et
1369 2444 1566 2543 prohibitis,
1584 2468 1647 2541 per

437 2547 533 2645 ipsos
558 2545 749 2662 Majorem,
777 2546 968 2636 Ballivum,
984 2563 1019 2618 et
1046 2546 1361 2636 Communitstem,
1387 2561 1467 2618 ante
1492 2544 1646 2619 eundem

437 2645 532 2719 diem
550 2646 684 2719 habitas
700 2643 808 2719 factas
824 2646 898 2721 sive
908 2663 1122 2746 perpetratas
1137 2676 1145 2720 ε
1173 2647 1232 2719 Ac
1254 2672 1417 2719 insursu
1437 2645 1648 2745 perdonavi-

439 2772 530 2835 mus,
547 2747 758 2836 remisimus,
772 2763 807 2821 et
821 2747 1066 2837 relaxavimus,
1078 2773 1117 2821 ac
1130 2773 1192 2848 per
1205 2763 1382 2847 presentes
1398 2747 1645 2845 perdonamus,

438 2849 665 2937 remittimus,
683 2863 719 2922 et
736 2848 942 2938 relaxamus,
960 2849 1091 2921 eisdem
1121 2849 1267 2950 Majori,
1295 2848 1443 2936 Ballivo‚
1473 2865 1510 2922 et
1537 2849 1648 2922 Corn-

439 2949 605 3022 munitati
641 2949 865 3024 omnimodas
900 2949 1087 3048 utlagariae
1122 2973 1365 3048 quascumque
1399 2974 1522 3023 versus
1554 2949 1648 3048 ipsos

439 3049 629 3150 Majorem,
648 3050 838 3139 Ballivum,
855 3067 891 3124 et
908 3051 1212 3124 Communitatem
1230 3051 1363 3124 ratione
1379 3049 1453 3124 sive
1469 3051 1647 3122 occasione

438 3151 703 3249 premissorum,
729 3177 792 3225 seu
818 3175 944 3225 eorum
968 3151 1129 3252 alicujus,
1158 3169 1220 3226 aut
1250 3150 1399 3251 alicujus
1419 3152 1562 3225 alterius
1597 3151 1647 3223 rei

437 3275 539 3325 cause
560 3251 616 3326 vel
630 3253 774 3326 materie
787 3251 1056 3351 cujuscumque,
1070 3269 1143 3325 tarn
1156 3254 1200 3327 ad
1213 3267 1342 3326 sectam
1357 3268 1525 3340 nostram,
1538 3277 1647 3351 quam

437 3351 480 3424 ad
498 3368 627 3426 sectam
651 3350 812 3453 alicujus,
837 3377 899 3425 seu
921 3352 1123 3451 aliquorum
1142 3353 1413 3453 progenitorum
1431 3369 1647 3443 nostrorum,

437 3475 500 3524 seu
517 3451 677 3553 alicujus,
705 3453 780 3525 sive
807 3452 1010 3551 aliquorum
1037 3452 1190 3527 aliorum
1216 3479 1540 3553 quorumcumque,
1567 3469 1648 3526 ante

438 3553 638 3652 predictum
654 3552 748 3626 diem
767 3552 1007 3653 promulgatas
1021 3577 1031 3642 3
1055 3553 1106 3628 Et
1119 3554 1255 3628 firmam
1270 3578 1390 3653 pacem
1408 3573 1564 3628 nostram
1580 3555 1649 3627 eis-

438 3652 520 3726 dem
540 3652 686 3753 Majori‚
704 3652 841 3742 Ballivi,
867 3671 904 3728 et
932 3655 1193 3729 Communitati
1220 3655 1302 3730 inde
1329 3655 1567 3744 concedimus,
1596 3655 1650 3727 lta

437 3771 556 3827 tamen
579 3754 677 3852 quod
699 3771 793 3828 stent
821 3772 917 3829 recto
944 3756 981 3828 in
1009 3757 1107 3829 curia
1134 3772 1254 3830 nostra
1280 3758 1307 3830 si
1336 3756 1418 3856 quis
1438 3781 1560 3831 versus
1588 3780 1650 3828 eos

439 3853 522 3928 inde
538 3853 638 3954 loqui
669 3855 845 3929 voluerit:
873 3860 929 3928 Ac
958 3857 1181 3932 omnimodas
1209 3855 1447 3931 forisfacturas
1475 3882 1651 3956 quorum-

441 3981 596 4054 cumque
614 3954 791 4030 bonorum
810 3973 846 4031 et
861 3957 1066 4030 catallorum
1079 3959 1242 4031 exituum
1255 3975 1291 4031 et
1304 3958 1546 4055 proficuorum
1585 3983 1652 4030 uo-

441 4082 678 4156 rumcumque
694 4074 881 4146 terrarum,
898 4074 1182 4132 tenementorum
1200 4058 1335 4132 ratione
1359 4059 1528 4158 utlagarie
1553 3983 1652 4132 iilius

442 4158 514 4231 sive
532 4157 785 4256 utlagariarum
803 4157 942 4232 illarum
960 4158 1073 4249 nobis,
1086 4185 1148 4234 seu
1165 4159 1269 4233 alicui
1283 4160 1552 4260 progenitorum
1571 4184 1653 4232 nos-

442 4274 596 4351 trorum,
613 4276 693 4331 ante
710 4258 864 4332 eundem
877 4260 972 4333 diem
986 4257 1181 4335 forisfactas
1198 4289 1205 4334 :
1234 4261 1284 4334 Et
1296 4261 1418 4336 eadem
1431 4261 1548 4336 omnia
1560 4260 1653 4335 bona
