3702 5254
469 433 540 530 ιιι
828 431 1005 506 novun
1031 431 1308 508 cunarum

983 727 1156 812 cvtt

804 901 1284 988 nunnunquam

466 1058 638 1132 Τιιοιιιιι
655 1057 810 1158 Cheyne,
828 1057 1020 1160 prenobilis
1036 1058 1171 1133 ordinis
1194 1073 1313 1158 garten
1329 1055 1440 1176 miles,
1459 1055 1678 1132 nomiliarius

466 1159 606 1234 domini
639 1161 746 1278 regis,
780 1185 820 1234 nc
857 1159 1094 1234 thesaurarius
1130 1159 1277 1258 hospicii
1310 1159 1377 1250 sui,
1420 1183 1556 1234 necnon
1589 1183 1677 1232 con-

466 1259 675 1336 stsbulsrius
696 1259 857 1363 ejusdem
881 1261 1019 1336 domini
1035 1261 1128 1376 regis
1153 1261 1267 1334 Cestri
1284 1259 1339 1334 sui
1362 1219 1539 1350 bovone,
1555 1276 1676 1334 custos

467 1361 691 1436 canceilnrius
731 1387 771 1436 nc
804 1361 1008 1437 admiralius
1045 1361 1202 1480 quinque
1245 1377 1417 1460 portuum
1458 1385 1606 1436 suorum
1637 1376 1675 1434 ct

467 1462 711 1538 membrorum
744 1464 964 1552 eomndem;
1000 1461 1133 1564 Majori
1161 1477 1199 1538 et
1224 1461 1359 1556 Jurntis
1391 1461 1476 1537 villa
1504 1479 1541 1536 et
1565 1477 1673 1561 portu

466 1563 849 1640 Dovorre-Sniutem
900 1517 1013 1639 Vobis
1038 1563 1245 1638 mandamus
1269 1579 1306 1638 et
1331 1563 1539 1638 auctoritate
1568 1561 1672 1636 officii

467 1665 580 1740 nostri
597 1663 748 1782 predicti
774 1664 952 1740 firmiter
943 1663 1167 1766 injungentes
1191 1663 1415 1764 precipimus,
1433 1665 1531 1764 quod
1556 1663 1675 1738 cudite

466 1765 609 1865 quereb
638 1765 781 1842 Rimrdi
799 1767 1048 1866 Brownynge,
1076 1765 1121 1840 de
1153 1765 1323 1864 predictis
1351 1765 1435 1840 ville
1467 1780 1505 1839 et
1537 1781 1675 1864 portus,

466 1867 608 1958 teilour,
637 1867 827 1966 querentis,
853 1883 890 1940 et
915 1866 1044 1941 Dawid
1069 1866 1185 1964 Pirry,
1219 1865 1376 1940 custodis
1404 1865 1506 1966 gnole
1538 1864 1675 1940 domini

577 1983 677 2042 extra
693 1993 815 2043 muros
839 1967 994 2042 civitatis
1010 1967 1212 2056 cantuarie,
1229 1963 1492 2055 defendentiss
1483 1992 1521 2040 ιιι
1547 1965 1676 2064 placito

465 1967 623 2143 afficti
614 2067 652 2142 in
685 2069 784 2142 curin
817 2067 905 2144 dicti
939 2067 1077 2143 domini
1111 2067 1204 2168 regis
1246 2091 1365 2142 comm
1398 2023 1500 2141 vobis
1532 2063 1678 2166 prefatis

469 2167 611 2269 Majore
635 2183 673 2242 et
696 2169 828 2264 Jurntis
852 2169 938 2244 ville
953 2185 990 2244 et
1015 2184 1140 2269 portus
1165 2168 1315 2267 predicti
1333 2168 1520 2268 pendente,
1543 2167 1680 2241 vocatis

468 2293 587 2342 cornm
612 2268 714 2344 vobis
733 2268 893 2368 partibus
917 2269 1095 2368 predictis,
1119 2269 1319 2386 auditisque
1345 2269 1428 2342 hinc
1447 2269 1675 2344 indecorum

468 2367 675 2459 rationibus,
692 2367 832 2470 prefato
856 2369 977 2445 David
993 2370 1099 2466 Pirry
1121 2368 1295 2469 plenum
1279 2367 1415 2471 justicii
1438 2368 1679 2486 complemen-

468 2487 563 2644 {uude
573 2485 684 2646 iiiii
692 2471 833 2646 ddmtdri
848 2495 942 2674 ggii
965 2469 1677 2688 κώῗῃέυζοὲῖΐέἱὲᾞὲιῗξῑζέ

469 2669 588 2761 fuerit,
621 2667 783 2766 facienti,
814 2697 859 2748 ne
883 2671 1016 2747 clamor
1045 2670 1128 2746 inde
1153 2671 1198 2746 ad
1223 2695 1288 2746 nos
1310 2671 1493 2770 perveniet
1517 2671 1676 2760 iteratus,

468 2771 637 2848 mnnduto
669 2788 794 2848 nostro
826 2771 929 2848 vobis
961 2771 1114 2872 propriis
1146 2771 1403 2846 incontrsrium
1432 2771 1570 2849 directo
1604 2797 1678 2846 non

468 2871 643 2962 obstante,
659 2888 696 2948 et
718 2873 786 2948 boc
803 2871 869 2947 sub
885 2898 976 2972 pena
992 2888 1029 2948 et
1054 2871 1212 2974 periculo
1234 2871 1460 2948 incumbente
1477 2873 1679 2948 nannenus

469 2973 655 3049 omittatis.

544 3075 638 3148 Data
661 3074 755 3218 apud
781 3073 948 3148 Castrum
972 3072 1172 3173 predictum
1196 3073 1263 3148 sub
1286 3073 1406 3248 sigilo
1431 3073 1538 3148 officii
1564 3073 1675 3150 nostri

469 3173 601 3250 ibidem
617 3174 694 3248 xxi⁰
709 3175 768 3250 die
785 3175 915 3248 Marcii
933 3201 1026 3250 anno
1042 3199 1143 3274 regm
1133 3174 1298 3250 domini
1376 3175 1484 3248 wardi
1501 3175 1600 3264 sexti,
1618 3173 1677 3248 dci

599 3275 744 3366 Anlie‚
761 3274 915 3367 ffrcncie,
933 3292 970 3349 et
987 3275 1165 3350 Hibernis
1184 3275 1290 3392 regis,
1306 3275 1389 3350 fidei
1402 3231 1620 3366 Defensorii,
1638 3301 1679 3350 nc

469 3403 506 3450 ιιι
468 3301 627 3450 term
740 3375 810 3450 esic
838 3377 1036 3478 Anglicnne
1060 3391 1098 3452 et
1122 3373 1318 3452 Hibernice
1342 3377 1503 3475 Suprcmi
1529 3334 1677 3476 Cupitis,

467 3501 530 3577 sep
505 3477 810 3676 PtirfoBeverleym

544 3679 760 3776 Remainscy‘
841 3677 1043 3754 Constable’s
1061 3678 1147 3752 Seal.

470 4027 554 4130 [ιι]
617 4027 620 4034 ’
