3702 5254
460 480 532 573 326
819 477 999 552 DOVER
1026 475 1306 552 CHARTERS

992 779 1146 860 XCV.

770 975 824 1022 xx
846 954 1078 1036 Septembris,
1099 965 1121 1036 5
1143 953 1235 1021 lien.
1258 951 1360 1022 v111.

460 1113 551 1186 Hac
580 1113 768 1188 indentura
795 1129 944 1188 testatur
971 1113 1069 1214 quod
1097 1112 1293 1186 Nicholaus
1318 1109 1429 1209 Aldy,
1449 1111 1570 1213 Major
1586 1108 1668 1184 ville

459 1241 497 1288 ac
516 1215 648 1289 Portus
665 1215 841 1302 Dovorre,
859 1231 895 1288 et
912 1215 1025 1309 Jurati
1042 1215 1202 1316 ejusdem
1219 1211 1311 1301 ville,
1341 1237 1404 1312 per
1429 1237 1606 1285 assensum
1631 1226 1667 1283 et

459 1340 670 1389 concensum
688 1317 805 1390 tocius
822 1316 1104 1392 Communitatis
1125 1332 1381 1403 concesserunt,
1397 1313 1618 1403 dimiserunt,
1630 1338 1668 1385 ac

460 1417 683 1491 tradiderunt
703 1417 860 1490 Roberto
877 1417 995 1504 ffluce,
1012 1417 1057 1490 de
1078 1418 1254 1506 Dovorra,
1281 1441 1387 1488 unam
1412 1431 1542 1488 terram
1567 1413 1668 1488 edifi-

461 1533 573 1591 catam
598 1519 774 1619 jacentem
806 1517 898 1591 infra
925 1517 1124 1596 libertatem
1155 1517 1286 1590 Portus
1316 1517 1480 1591 Dovorre
1503 1515 1539 1588 in
1566 1515 1670 1588 Snar-

460 1621 670 1718 gatewarde‚
689 1619 863 1707 videlicet,
881 1621 924 1693 ad
942 1620 1119 1719 quendam
1138 1634 1277 1716 portam
1305 1635 1465 1691 vocatam
1490 1618 1667 1715 Snargate,

460 1737 496 1792 et
515 1721 662 1819 Regiam
688 1737 833 1794 stratam
858 1719 999 1810 ibidem,
1028 1738 1064 1794 et
1089 1736 1217 1793 terram
1244 1717 1408 1792 Nicholai
1433 1719 1527 1792 Tem
1554 1717 1668 1790 leman

462 1845 583 1894 versus
600 1822 778 1894 northeast
796 1837 832 1894 et
850 1837 962 1909 west3
992 1838 1027 1893 et
1045 1839 1174 1894 terram
1188 1845 1302 1918 nuper
1312 1820 1483 1914 Johannis
1497 1743 1669 1920 Cbryng-

463 1921 548 1995 bold
567 1946 688 1995 versus
704 1922 923 1996 southwest:
951 1921 1101 1996 habend’
1119 1938 1154 1994 et
1176 1921 1317 1994 tenend'
1344 1921 1537 2020 predictam
1564 1945 1669 1993 unam

462 2040 591 2095 terram
618 2021 755 2120 prefato
779 2022 939 2096 Roberto
963 2023 1077 2112 ffluce,
1101 2021 1287 2096 heredibus
1315 2039 1352 2095 et
1384 2023 1567 2122 assignatis
1596 2021 1668 2094 suis

463 2124 750 2222 imperpetuum:
779 2123 940 2197 ffaciend'
968 2125 1050 2198 inde
1076 2123 1262 2198 servicium
1290 2123 1427 2197 domini
1457 2121 1564 2221 Regis
1587 2148 1669 2195 cum

463 2223 627 2298 acciderit
643 2224 838 2296 secundum
856 2224 1150 2299 consuetudinem
1179 2239 1303 2324 portus
1320 2223 1493 2324 predicti:
1521 2224 1669 2296 aceciam

463 2325 632 2400 reddend’
651 2324 794 2422 prefatis
812 2325 958 2426 Majori,
974 2325 1120 2420 Juratis,
1141 2340 1177 2399 et
1203 2325 1475 2415 Communitati,
1491 2342 1527 2398 et
1545 2347 1669 2397 eorum

461 2425 719 2499 successoribus
735 2426 998 2524 imperpetuum
1015 2427 1202 2500 annualem
1224 2427 1404 2501 redditum
1424 2451 1484 2498 sex
1508 2425 1670 2499 denarios

463 2525 584 2626 legalis
601 2541 744 2600 monete
760 2527 902 2628 Anglie,
920 2526 966 2600 ad
982 2525 1113 2601 festum
1130 2527 1339 2602 Natiuitatis
1360 2527 1475 2600 Sancti
1499 2527 1670 2621 Johannis

464 2627 620 2725 Baptiste
636 2625 820 2701 solvend':
847 2629 928 2702 etsi
950 2630 1133 2728 contingat
1153 2627 1354 2727 predictum
1379 2627 1563 2702 annualem
1589 2628 1671 2700 red-

462 2728 580 2801 ditum
606 2753 666 2802 sex
690 2729 930 2820 denariorum,
958 2727 1014 2802 vel
1038 2729 1154 2829 aliqua
1179 2728 1326 2828 parcella
1351 2728 1444 2818 inde,
1464 2730 1509 2803 ad
1526 2729 1670 2828 aliquod

464 2827 595 2902 festum
621 2854 695 2945 quo
719 2829 809 2903 solvi
834 2829 959 2904 debeat
982 2846 1099 2904 aretro
1124 2828 1213 2918 fore,
1240 2847 1327 2903 tunc
1344 2830 1432 2903 bene
1452 2829 1572 2903 licebit
1589 2855 1670 2928 pre-

462 2929 545 3004 fatis
563 2930 707 3030 Majori,
723 2930 869 3024 Juratis,
887 2946 923 3004 et
941 2930 1201 3004 Communitati
1218 2932 1376 3029 predicte
1396 2932 1476 3004 ville
1492 2948 1529 3004 et
1545 2956 1669 3004 eorum

463 3030 717 3106 successoribus
745 3032 781 3104 in
808 3033 1001 3130 predictam
1029 3058 1136 3105 unam
1163 3047 1293 3106 terram
1320 3032 1452 3108 intrare
1472 3050 1508 3106 et
1525 3031 1672 3107 distrin-

462 3157 558 3231 gere,
576 3147 613 3206 et
638 3131 880 3206 districciones
905 3133 953 3208 sic
979 3149 1094 3232 captas
1119 3132 1291 3206 abducere
1315 3150 1353 3206 et
1378 3150 1555 3233 asportare
1580 3158 1673 3232 quo-

464 3258 576 3332 usque
592 3232 637 3307 de
653 3257 697 3306 eo
713 3233 811 3331 quod
828 3248 946 3308 aretro
963 3231 1072 3308 fuerit
1089 3235 1135 3306 sit
1152 3233 1202 3306 eis
1218 3233 1445 3310 satisfactum.

539 3333 581 3406 ln
607 3334 706 3435 eujus
731 3333 781 3407 rei
808 3335 1053 3408 testimonium
1073 3335 1230 3434 sigillum
1247 3335 1353 3410 officii
1373 3335 1571 3437 Majoratus
1589 3334 1670 3410 ville

463 3434 629 3508 Dovorre
646 3433 869 3533 presentibus
885 3451 937 3508 est
960 3460 1166 3534 appensum.

537 3535 630 3607 Data
646 3539 743 3634 apud
760 3536 962 3609 Dovorram
979 3537 1172 3634 predictam
1191 3536 1357 3610 vicesimo
1373 3537 1431 3612 die
1457 3535 1671 3634 Septembris

462 3659 556 3707 anno
572 3637 672 3734 regni
692 3636 799 3734 Regis
817 3636 969 3710 Henrici
992 3639 1107 3711 octavi
1128 3639 1268 3736 quinto.

464 4033 550 4134 [45]
