<?xml version="1.0" encoding="UTF-8"?>
<!DOCTYPE html PUBLIC "-//W3C//DTD XHTML 1.0 Transitional//EN"
    "http://www.w3.org/TR/xhtml1/DTD/xhtml1-transitional.dtd">
<html xmlns="http://www.w3.org/1999/xhtml" xml:lang="en" lang="en">
 <head>
  <title>
</title>
<meta http-equiv="Content-Type" content="text/html;charset=utf-8" />
  <meta name='ocr-system' content='tesseract 3.04.00' />
  <meta name='ocr-capabilities' content='ocr_page ocr_carea ocr_par ocr_line ocrx_word'/>
</head>
<body>
  <div class='ocr_page' id='page_1' title='image "./doverchartersan00statgoog_0143.png"; bbox 0 0 3728 5258; ppageno 0'>
   <div class='ocr_carea' id='block_1_1' title="bbox 457 457 1286 536">
    <p class='ocr_par' dir='ltr' id='par_1_1' title="bbox 457 457 1286 536">
     <span class='ocr_line' id='line_1_1' title="bbox 457 457 1286 536; baseline -0.001 -2"><span class='ocrx_word' id='word_1_1' title='bbox 457 483 526 536; x_wconf 86' lang='lat'>110</span> <span class='ocrx_word' id='word_1_2' title='bbox 808 459 983 534; x_wconf 87' lang='lat' dir='ltr'>DOVER</span> <span class='ocrx_word' id='word_1_3' title='bbox 1009 457 1286 535; x_wconf 84' lang='lat' dir='ltr'>CHARTERS</span> 
     </span>
    </p>
   </div>
   <div class='ocr_carea' id='block_1_2' title="bbox 843 695 1271 1009">
    <p class='ocr_par' dir='ltr' id='par_1_2' title="bbox 843 695 1271 1009">
     <span class='ocr_line' id='line_1_2' title="bbox 931 695 1184 836; baseline 0.012 -3"><span class='ocrx_word' id='word_1_4' title='bbox 931 695 1184 836; x_wconf 72' lang='lat' dir='ltr'>xxxva</span> 
     </span>
     <span class='ocr_line' id='line_1_3' title="bbox 843 926 1271 1009; baseline 0.009 -17"><span class='ocrx_word' id='word_1_5' title='bbox 843 926 876 1008; x_wconf 85' lang='lat' dir='ltr'>vj</span> <span class='ocrx_word' id='word_1_6' title='bbox 898 926 1040 1009; x_wconf 79' lang='lat' dir='ltr'><strong>Aprilis,</strong></span> <span class='ocrx_word' id='word_1_7' title='bbox 1063 940 1100 993; x_wconf 85' lang='lat'>11</span> <span class='ocrx_word' id='word_1_8' title='bbox 1125 927 1200 996; x_wconf 81' lang='lat' dir='ltr'>Ric</span> <span class='ocrx_word' id='word_1_9' title='bbox 1225 929 1271 996; x_wconf 92' lang='lat'>11.</span> 
     </span>
    </p>
   </div>
   <div class='ocr_carea' id='block_1_3' title="bbox 445 1082 1659 3804">
    <p class='ocr_par' dir='ltr' id='par_1_3' title="bbox 445 1082 1659 3804">
     <span class='ocr_line' id='line_1_4' title="bbox 451 1082 1658 1186; baseline -0.002 -27"><span class='ocrx_word' id='word_1_10' title='bbox 451 1083 542 1160; x_wconf 81' lang='lat' dir='ltr'>Huc</span> <span class='ocrx_word' id='word_1_11' title='bbox 585 1085 775 1158; x_wconf 88' lang='lat' dir='ltr'>indentura</span> <span class='ocrx_word' id='word_1_12' title='bbox 816 1097 966 1156; x_wconf 89' lang='lat' dir='ltr'>testatur</span> <span class='ocrx_word' id='word_1_13' title='bbox 1003 1082 1102 1182; x_wconf 92' lang='lat' dir='ltr'>quod</span> <span class='ocrx_word' id='word_1_14' title='bbox 1134 1082 1314 1177; x_wconf 88' lang='lat' dir='ltr'>Johannes</span> <span class='ocrx_word' id='word_1_15' title='bbox 1347 1084 1502 1184; x_wconf 85' lang='lat' dir='ltr'>Monyn,</span> <span class='ocrx_word' id='word_1_16' title='bbox 1537 1083 1658 1186; x_wconf 91' lang='lat' dir='ltr'>Major</span> 
     </span>
     <span class='ocr_line' id='line_1_5' title="bbox 448 1183 1659 1286; baseline 0.001 -28"><span class='ocrx_word' id='word_1_17' title='bbox 448 1203 574 1286; x_wconf 90' lang='lat' dir='ltr'>portus</span> <span class='ocrx_word' id='word_1_18' title='bbox 602 1187 779 1274; x_wconf 91' lang='lat' dir='ltr'>Dovorre,</span> <span class='ocrx_word' id='word_1_19' title='bbox 808 1199 845 1255; x_wconf 91' lang='lat' dir='ltr'>et</span> <span class='ocrx_word' id='word_1_20' title='bbox 878 1183 1055 1257; x_wconf 83' lang='lat' dir='ltr'>Custodes</span> <span class='ocrx_word' id='word_1_21' title='bbox 1084 1183 1242 1284; x_wconf 87' lang='lat' dir='ltr'>ejusdem</span> <span class='ocrx_word' id='word_1_22' title='bbox 1278 1199 1414 1284; x_wconf 88' lang='lat' dir='ltr'>portus,</span> <span class='ocrx_word' id='word_1_23' title='bbox 1450 1186 1594 1259; x_wconf 89' lang='lat' dir='ltr'>nomine</span> <span class='ocrx_word' id='word_1_24' title='bbox 1622 1201 1659 1259; x_wconf 88' lang='lat' dir='ltr'>et</span> 
     </span>
     <span class='ocr_line' id='line_1_6' title="bbox 450 1283 1657 1362; baseline -0.001 -1"><span class='ocrx_word' id='word_1_25' title='bbox 450 1312 621 1362; x_wconf 86' lang='lat' dir='ltr'>concensu</span> <span class='ocrx_word' id='word_1_26' title='bbox 651 1286 767 1361; x_wconf 91' lang='lat' dir='ltr'>tocius</span> <span class='ocrx_word' id='word_1_27' title='bbox 797 1283 1072 1359; x_wconf 78' lang='lat' dir='ltr'>communitatis</span> <span class='ocrx_word' id='word_1_28' title='bbox 1104 1283 1237 1359; x_wconf 89' lang='lat' dir='ltr'>ibidem</span> <span class='ocrx_word' id='word_1_29' title='bbox 1266 1301 1513 1360; x_wconf 88' lang='lat' dir='ltr'>concesserunt</span> <span class='ocrx_word' id='word_1_30' title='bbox 1539 1302 1574 1361; x_wconf 92' lang='lat' dir='ltr'>et</span> <span class='ocrx_word' id='word_1_31' title='bbox 1612 1287 1657 1360; x_wconf 87' lang='lat' dir='ltr'>ad</span> 
     </span>
     <span class='ocr_line' id='line_1_7' title="bbox 449 1385 1658 1479; baseline -0.001 -18"><span class='ocrx_word' id='word_1_32' title='bbox 449 1386 545 1464; x_wconf 84' lang='lat' dir='ltr'>feodi</span> <span class='ocrx_word' id='word_1_33' title='bbox 562 1389 701 1462; x_wconf 88' lang='lat' dir='ltr'>firmam</span> <span class='ocrx_word' id='word_1_34' title='bbox 718 1385 929 1461; x_wconf 89' lang='lat' dir='ltr'>dimiserunt</span> <span class='ocrx_word' id='word_1_35' title='bbox 946 1386 1090 1459; x_wconf 90' lang='lat' dir='ltr'>Thome</span> <span class='ocrx_word' id='word_1_36' title='bbox 1107 1386 1205 1460; x_wconf 80' lang='lat' dir='ltr'>Piera</span> <span class='ocrx_word' id='word_1_37' title='bbox 1221 1402 1258 1461; x_wconf 92' lang='lat' dir='ltr'>et</span> <span class='ocrx_word' id='word_1_38' title='bbox 1274 1386 1431 1476; x_wconf 87' lang='lat' dir='ltr'>lsabelle,</span> <span class='ocrx_word' id='word_1_39' title='bbox 1458 1388 1559 1462; x_wconf 85' lang='lat' dir='ltr'>uxori</span> <span class='ocrx_word' id='word_1_40' title='bbox 1584 1413 1658 1479; x_wconf 86' lang='lat' dir='ltr'>sue,</span> 
     </span>
     <span class='ocr_line' id='line_1_8' title="bbox 449 1485 1658 1587; baseline -0.002 -24"><span class='ocrx_word' id='word_1_41' title='bbox 449 1515 556 1564; x_wconf 91' lang='lat' dir='ltr'>unam</span> <span class='ocrx_word' id='word_1_42' title='bbox 583 1505 724 1562; x_wconf 90' lang='lat' dir='ltr'>terram</span> <span class='ocrx_word' id='word_1_43' title='bbox 762 1513 909 1561; x_wconf 89' lang='lat' dir='ltr'>vacuam</span> <span class='ocrx_word' id='word_1_44' title='bbox 941 1485 1119 1587; x_wconf 90' lang='lat' dir='ltr'>jacentem</span> <span class='ocrx_word' id='word_1_45' title='bbox 1154 1485 1247 1560; x_wconf 86' lang='lat' dir='ltr'>infra</span> <span class='ocrx_word' id='word_1_46' title='bbox 1280 1487 1497 1562; x_wconf 87' lang='lat' dir='ltr'>Libertatem</span> <span class='ocrx_word' id='word_1_47' title='bbox 1525 1489 1658 1562; x_wconf 87' lang='lat' dir='ltr'>Portus</span> 
     </span>
     <span class='ocr_line' id='line_1_9' title="bbox 448 1586 1657 1688; baseline -0.002 -23"><span class='ocrx_word' id='word_1_48' title='bbox 448 1593 615 1665; x_wconf 88' lang='lat' dir='ltr'>Dovorre</span> <span class='ocrx_word' id='word_1_49' title='bbox 648 1589 685 1662; x_wconf 90' lang='lat' dir='ltr'>in</span> <span class='ocrx_word' id='word_1_50' title='bbox 719 1586 1000 1677; x_wconf 75' lang='lat' dir='ltr'>Nicholewarde,</span> <span class='ocrx_word' id='word_1_51' title='bbox 1034 1588 1126 1661; x_wconf 88' lang='lat' dir='ltr'>inter</span> <span class='ocrx_word' id='word_1_52' title='bbox 1154 1602 1285 1661; x_wconf 85' lang='lat' dir='ltr'>terram</span> <span class='ocrx_word' id='word_1_53' title='bbox 1324 1589 1466 1664; x_wconf 88' lang='lat' dir='ltr'>Ricardi</span> <span class='ocrx_word' id='word_1_54' title='bbox 1506 1591 1657 1688; x_wconf 86' lang='lat' dir='ltr'>Magote</span> 
     </span>
     <span class='ocr_line' id='line_1_10' title="bbox 450 1686 1658 1777; baseline -0.002 -12"><span class='ocrx_word' id='word_1_55' title='bbox 450 1717 571 1765; x_wconf 84' lang='lat' dir='ltr'>versus</span> <span class='ocrx_word' id='word_1_56' title='bbox 610 1689 768 1764; x_wconf 85' lang='lat' dir='ltr'>northest</span> <span class='ocrx_word' id='word_1_57' title='bbox 806 1704 842 1762; x_wconf 89' lang='lat' dir='ltr'>et</span> <span class='ocrx_word' id='word_1_58' title='bbox 880 1688 1085 1777; x_wconf 78' lang='lat' dir='ltr'>northwest,</span> <span class='ocrx_word' id='word_1_59' title='bbox 1121 1703 1157 1762; x_wconf 91' lang='lat' dir='ltr'>et</span> <span class='ocrx_word' id='word_1_60' title='bbox 1195 1686 1365 1762; x_wconf 83' lang='lat' dir='ltr'>fallaciam</span> <span class='ocrx_word' id='word_1_61' title='bbox 1400 1689 1506 1763; x_wconf 89' lang='lat' dir='ltr'>maris</span> <span class='ocrx_word' id='word_1_62' title='bbox 1535 1715 1658 1763; x_wconf 90' lang='lat' dir='ltr'>versus</span> 
     </span>
     <span class='ocr_line' id='line_1_11' title="bbox 449 1788 1656 1882; baseline -0.002 -15"><span class='ocrx_word' id='word_1_63' title='bbox 449 1793 620 1882; x_wconf 90' lang='lat' dir='ltr'>southest,</span> <span class='ocrx_word' id='word_1_64' title='bbox 639 1806 676 1865; x_wconf 91' lang='lat' dir='ltr'>et</span> <span class='ocrx_word' id='word_1_65' title='bbox 692 1805 823 1862; x_wconf 91' lang='lat' dir='ltr'>terram</span> <span class='ocrx_word' id='word_1_66' title='bbox 841 1788 937 1862; x_wconf 90' lang='lat' dir='ltr'>Petri</span> <span class='ocrx_word' id='word_1_67' title='bbox 954 1791 1103 1862; x_wconf 88' lang='lat' dir='ltr'>Daunce</span> <span class='ocrx_word' id='word_1_68' title='bbox 1119 1814 1241 1864; x_wconf 87' lang='lat' dir='ltr'>versus</span> <span class='ocrx_word' id='word_1_69' title='bbox 1260 1792 1479 1879; x_wconf 88' lang='lat' dir='ltr'>southwest;</span> <span class='ocrx_word' id='word_1_70' title='bbox 1506 1790 1656 1865; x_wconf 90' lang='lat' dir='ltr'>habend&#39;</span> 
     </span>
     <span class='ocr_line' id='line_1_12' title="bbox 448 1889 1657 1991; baseline -0.002 -24"><span class='ocrx_word' id='word_1_71' title='bbox 448 1910 484 1968; x_wconf 89' lang='lat' dir='ltr'>et</span> <span class='ocrx_word' id='word_1_72' title='bbox 514 1891 657 1968; x_wconf 86' lang='lat' dir='ltr'>tenend&#39;</span> <span class='ocrx_word' id='word_1_73' title='bbox 688 1890 882 1989; x_wconf 88' lang='lat' dir='ltr'>predictam</span> <span class='ocrx_word' id='word_1_74' title='bbox 911 1889 1045 1989; x_wconf 82' lang='lat' dir='ltr'>peciam</span> <span class='ocrx_word' id='word_1_75' title='bbox 1074 1906 1166 1962; x_wconf 89' lang='lat' dir='ltr'>terre</span> <span class='ocrx_word' id='word_1_76' title='bbox 1204 1916 1286 1964; x_wconf 88' lang='lat' dir='ltr'>cum</span> <span class='ocrx_word' id='word_1_77' title='bbox 1323 1891 1395 1966; x_wconf 89' lang='lat' dir='ltr'>suis</span> <span class='ocrx_word' id='word_1_78' title='bbox 1432 1892 1657 1991; x_wconf 84' lang='lat' dir='ltr'>pertinenciis</span> 
     </span>
     <span class='ocr_line' id='line_1_13' title="bbox 450 1988 1658 2094; baseline 0 -27"><span class='ocrx_word' id='word_1_79' title='bbox 450 1992 596 2093; x_wconf 81' lang='lat' dir='ltr'>prefatis</span> <span class='ocrx_word' id='word_1_80' title='bbox 625 1991 767 2065; x_wconf 90' lang='lat' dir='ltr'>Thome</span> <span class='ocrx_word' id='word_1_81' title='bbox 796 2006 832 2064; x_wconf 92' lang='lat' dir='ltr'>et</span> <span class='ocrx_word' id='word_1_82' title='bbox 866 1989 1024 2080; x_wconf 87' lang='lat' dir='ltr'>lsabelle,</span> <span class='ocrx_word' id='word_1_83' title='bbox 1054 1988 1243 2065; x_wconf 86' lang='lat' dir='ltr'>heredibus</span> <span class='ocrx_word' id='word_1_84' title='bbox 1271 2007 1308 2066; x_wconf 90' lang='lat' dir='ltr'>et</span> <span class='ocrx_word' id='word_1_85' title='bbox 1336 1992 1519 2091; x_wconf 85' lang='lat' dir='ltr'>assignatis</span> <span class='ocrx_word' id='word_1_86' title='bbox 1548 1993 1658 2094; x_wconf 87' lang='lat' dir='ltr'>ipsius</span> 
     </span>
     <span class='ocr_line' id='line_1_14' title="bbox 449 2090 1657 2192; baseline -0.002 -23"><span class='ocrx_word' id='word_1_87' title='bbox 449 2097 594 2170; x_wconf 91' lang='lat' dir='ltr'>Thome</span> <span class='ocrx_word' id='word_1_88' title='bbox 610 2095 894 2192; x_wconf 86' lang='lat' dir='ltr'>imperpetuum:</span> <span class='ocrx_word' id='word_1_89' title='bbox 922 2090 1083 2164; x_wconf 88' lang='lat' dir='ltr'>ffaciend’</span> <span class='ocrx_word' id='word_1_90' title='bbox 1101 2091 1183 2166; x_wconf 91' lang='lat' dir='ltr'>inde</span> <span class='ocrx_word' id='word_1_91' title='bbox 1200 2092 1318 2167; x_wconf 90' lang='lat' dir='ltr'>omnia</span> <span class='ocrx_word' id='word_1_92' title='bbox 1335 2093 1480 2168; x_wconf 84' lang='lat' dir='ltr'>servicia</span> <span class='ocrx_word' id='word_1_93' title='bbox 1499 2109 1535 2167; x_wconf 91' lang='lat' dir='ltr'>et</span> <span class='ocrx_word' id='word_1_94' title='bbox 1551 2119 1657 2168; x_wconf 90' lang='lat' dir='ltr'>onera</span> 
     </span>
     <span class='ocr_line' id='line_1_15' title="bbox 449 2191 1656 2292; baseline -0.002 -21"><span class='ocrx_word' id='word_1_95' title='bbox 449 2195 630 2272; x_wconf 82' lang='lat' dir='ltr'>annuatim</span> <span class='ocrx_word' id='word_1_96' title='bbox 668 2193 787 2268; x_wconf 92' lang='lat' dir='ltr'>debita</span> <span class='ocrx_word' id='word_1_97' title='bbox 815 2208 851 2265; x_wconf 88' lang='lat' dir='ltr'>et</span> <span class='ocrx_word' id='word_1_98' title='bbox 882 2191 1031 2292; x_wconf 89' lang='lat' dir='ltr'>dejure</span> <span class='ocrx_word' id='word_1_99' title='bbox 1061 2209 1251 2268; x_wconf 88' lang='lat' dir='ltr'>consueta:</span> <span class='ocrx_word' id='word_1_100' title='bbox 1291 2192 1342 2267; x_wconf 92' lang='lat' dir='ltr'>Et</span> <span class='ocrx_word' id='word_1_101' title='bbox 1372 2194 1541 2270; x_wconf 83' lang='lat' dir='ltr'>reddend‘</span> <span class='ocrx_word' id='word_1_102' title='bbox 1572 2195 1656 2270; x_wconf 91' lang='lat' dir='ltr'>inde</span> 
     </span>
     <span class='ocr_line' id='line_1_16' title="bbox 449 2291 1656 2372; baseline -0.001 -1"><span class='ocrx_word' id='word_1_103' title='bbox 449 2297 633 2372; x_wconf 87' lang='lat' dir='ltr'>annuatim</span> <span class='ocrx_word' id='word_1_104' title='bbox 670 2292 763 2368; x_wconf 91' lang='lat' dir='ltr'>dicte</span> <span class='ocrx_word' id='word_1_105' title='bbox 801 2291 1060 2366; x_wconf 90' lang='lat' dir='ltr'>Communitati</span> <span class='ocrx_word' id='word_1_106' title='bbox 1097 2308 1134 2367; x_wconf 90' lang='lat' dir='ltr'>et</span> <span class='ocrx_word' id='word_1_107' title='bbox 1170 2318 1295 2368; x_wconf 89' lang='lat' dir='ltr'>eorum</span> <span class='ocrx_word' id='word_1_108' title='bbox 1334 2295 1589 2370; x_wconf 88' lang='lat' dir='ltr'>successoribus</span> <span class='ocrx_word' id='word_1_109' title='bbox 1618 2297 1656 2370; x_wconf 92' lang='lat' dir='ltr'>in</span> 
     </span>
     <span class='ocr_line' id='line_1_17' title="bbox 449 2392 1657 2510; baseline -0.003 -38"><span class='ocrx_word' id='word_1_110' title='bbox 449 2397 581 2472; x_wconf 86' lang='lat' dir='ltr'>auxilio</span> <span class='ocrx_word' id='word_1_111' title='bbox 617 2393 700 2470; x_wconf 90' lang='lat' dir='ltr'>ville</span> <span class='ocrx_word' id='word_1_112' title='bbox 738 2392 905 2492; x_wconf 84' lang='lat' dir='ltr'>predicte,</span> <span class='ocrx_word' id='word_1_113' title='bbox 933 2418 993 2465; x_wconf 85' lang='lat' dir='ltr'>sex</span> <span class='ocrx_word' id='word_1_114' title='bbox 1026 2393 1188 2467; x_wconf 88' lang='lat' dir='ltr'>denarios</span> <span class='ocrx_word' id='word_1_115' title='bbox 1216 2394 1468 2510; x_wconf 79' lang='lat' dir='ltr'>sterlingorum</span> <span class='ocrx_word' id='word_1_116' title='bbox 1498 2394 1657 2471; x_wconf 88' lang='lat' dir='ltr'>annualis</span> 
     </span>
     <span class='ocr_line' id='line_1_18' title="bbox 448 2493 1656 2595; baseline -0.003 -21"><span class='ocrx_word' id='word_1_117' title='bbox 448 2499 610 2574; x_wconf 89' lang='lat' dir='ltr'>redditus</span> <span class='ocrx_word' id='word_1_118' title='bbox 626 2497 670 2572; x_wconf 87' lang='lat' dir='ltr'>ad</span> <span class='ocrx_word' id='word_1_119' title='bbox 689 2495 834 2570; x_wconf 86' lang='lat' dir='ltr'>Festum</span> <span class='ocrx_word' id='word_1_120' title='bbox 851 2493 1059 2568; x_wconf 76' lang='lat' dir='ltr'>Natiuitatis</span> <span class='ocrx_word' id='word_1_121' title='bbox 1074 2494 1189 2568; x_wconf 84' lang='lat' dir='ltr'>Sancti</span> <span class='ocrx_word' id='word_1_122' title='bbox 1205 2494 1376 2589; x_wconf 88' lang='lat' dir='ltr'>Johanms</span> <span class='ocrx_word' id='word_1_123' title='bbox 1395 2497 1577 2595; x_wconf 87' lang='lat' dir='ltr'>Baptiste;</span> <span class='ocrx_word' id='word_1_124' title='bbox 1605 2497 1656 2570; x_wconf 91' lang='lat' dir='ltr'>Et</span> 
     </span>
     <span class='ocr_line' id='line_1_19' title="bbox 447 2594 1655 2698; baseline -0.001 -25"><span class='ocrx_word' id='word_1_125' title='bbox 447 2601 498 2674; x_wconf 79' lang='lat' dir='ltr'>*si</span> <span class='ocrx_word' id='word_1_126' title='bbox 524 2598 722 2698; x_wconf 88' lang='lat' dir='ltr'>predictum</span> <span class='ocrx_word' id='word_1_127' title='bbox 747 2619 906 2670; x_wconf 89' lang='lat' dir='ltr'>annuum</span> <span class='ocrx_word' id='word_1_128' title='bbox 932 2595 1111 2669; x_wconf 89' lang='lat' dir='ltr'>redditum</span> <span class='ocrx_word' id='word_1_129' title='bbox 1138 2594 1230 2670; x_wconf 88' lang='lat' dir='ltr'>ultra</span> <span class='ocrx_word' id='word_1_130' title='bbox 1251 2597 1440 2670; x_wconf 88' lang='lat' dir='ltr'>terminum</span> <span class='ocrx_word' id='word_1_131' title='bbox 1457 2597 1655 2697; x_wconf 90' lang='lat' dir='ltr'>predictum</span> 
     </span>
     <span class='ocr_line' id='line_1_20' title="bbox 447 2695 1656 2800; baseline -0.004 -25"><span class='ocrx_word' id='word_1_132' title='bbox 447 2701 584 2800; x_wconf 89' lang='lat' dir='ltr'>aretr[o</span> <span class='ocrx_word' id='word_1_133' title='bbox 610 2695 706 2796; x_wconf 84' lang='lat' dir='ltr'>fore]</span> <span class='ocrx_word' id='word_1_134' title='bbox 737 2695 875 2769; x_wconf 90' lang='lat' dir='ltr'>licitum</span> <span class='ocrx_word' id='word_1_135' title='bbox 908 2695 955 2768; x_wconf 89' lang='lat' dir='ltr'>sit</span> <span class='ocrx_word' id='word_1_136' title='bbox 990 2695 1123 2796; x_wconf 89' lang='lat' dir='ltr'>Majori</span> <span class='ocrx_word' id='word_1_137' title='bbox 1149 2712 1185 2769; x_wconf 91' lang='lat' dir='ltr'>et</span> <span class='ocrx_word' id='word_1_138' title='bbox 1211 2697 1465 2772; x_wconf 89' lang='lat' dir='ltr'>successoribus</span> <span class='ocrx_word' id='word_1_139' title='bbox 1493 2697 1566 2771; x_wconf 87' lang='lat' dir='ltr'>suis</span> <span class='ocrx_word' id='word_1_140' title='bbox 1593 2723 1656 2797; x_wconf 93' lang='lat' dir='ltr'>per</span> 
     </span>
     <span class='ocr_line' id='line_1_21' title="bbox 449 2795 1655 2896; baseline -0.002 -20"><span class='ocrx_word' id='word_1_141' title='bbox 449 2801 640 2876; x_wconf 87' lang='lat' dir='ltr'>servientes</span> <span class='ocrx_word' id='word_1_142' title='bbox 673 2823 756 2873; x_wconf 88' lang='lat' dir='ltr'>suos</span> <span class='ocrx_word' id='word_1_143' title='bbox 790 2796 933 2870; x_wconf 90' lang='lat' dir='ltr'>nomine</span> <span class='ocrx_word' id='word_1_144' title='bbox 967 2795 1060 2870; x_wconf 91' lang='lat' dir='ltr'>dicte</span> <span class='ocrx_word' id='word_1_145' title='bbox 1102 2796 1380 2871; x_wconf 89' lang='lat' dir='ltr'>Communitatis</span> <span class='ocrx_word' id='word_1_146' title='bbox 1420 2799 1457 2871; x_wconf 90' lang='lat' dir='ltr'>in</span> <span class='ocrx_word' id='word_1_147' title='bbox 1499 2799 1655 2896; x_wconf 85' lang='lat' dir='ltr'>prodicta</span> 
     </span>
     <span class='ocr_line' id='line_1_22' title="bbox 447 2897 1656 3002; baseline -0.003 -24"><span class='ocrx_word' id='word_1_148' title='bbox 447 2919 541 2978; x_wconf 89' lang='lat' dir='ltr'>terra</span> <span class='ocrx_word' id='word_1_149' title='bbox 567 2900 789 3002; x_wconf 87' lang='lat' dir='ltr'>distringere,</span> <span class='ocrx_word' id='word_1_150' title='bbox 816 2913 853 2971; x_wconf 90' lang='lat' dir='ltr'>et</span> <span class='ocrx_word' id='word_1_151' title='bbox 879 2897 1119 2971; x_wconf 87' lang='lat' dir='ltr'>districciones</span> <span class='ocrx_word' id='word_1_152' title='bbox 1144 2897 1316 2972; x_wconf 91' lang='lat' dir='ltr'>abducere</span> <span class='ocrx_word' id='word_1_153' title='bbox 1341 2914 1378 2973; x_wconf 90' lang='lat' dir='ltr'>et</span> <span class='ocrx_word' id='word_1_154' title='bbox 1395 2899 1545 2972; x_wconf 88' lang='lat' dir='ltr'>retinere</span> <span class='ocrx_word' id='word_1_155' title='bbox 1565 2927 1656 3001; x_wconf 95' lang='lat' dir='ltr'>quo-</span> 
     </span>
     <span class='ocr_line' id='line_1_23' title="bbox 448 2997 1653 3120; baseline -0.002 -42"><span class='ocrx_word' id='word_1_156' title='bbox 448 3030 560 3120; x_wconf 84' lang='lat' dir='ltr'>usque</span> <span class='ocrx_word' id='word_1_157' title='bbox 577 3003 621 3077; x_wconf 92' lang='lat' dir='ltr'>de</span> <span class='ocrx_word' id='word_1_158' title='bbox 637 2999 803 3074; x_wconf 86' lang='lat' dir='ltr'>omnibus</span> <span class='ocrx_word' id='word_1_159' title='bbox 819 2998 1002 3096; x_wconf 88' lang='lat' dir='ltr'>arreragiis</span> <span class='ocrx_word' id='word_1_160' title='bbox 1019 2997 1168 3097; x_wconf 90' lang='lat' dir='ltr'>predicti</span> <span class='ocrx_word' id='word_1_161' title='bbox 1185 2999 1346 3073; x_wconf 87' lang='lat' dir='ltr'>redditus</span> <span class='ocrx_word' id='word_1_162' title='bbox 1368 3000 1522 3100; x_wconf 88' lang='lat' dir='ltr'>plenarie</span> <span class='ocrx_word' id='word_1_163' title='bbox 1546 2997 1653 3076; x_wconf 89' lang='lat' dir='ltr'>fuerit</span> 
     </span>
     <span class='ocr_line' id='line_1_24' title="bbox 446 3097 1655 3198; baseline -0.003 -18"><span class='ocrx_word' id='word_1_164' title='bbox 446 3102 689 3180; x_wconf 80' lang='lat' dir='ltr'>satisfactum:</span> <span class='ocrx_word' id='word_1_165' title='bbox 716 3099 809 3174; x_wconf 91' lang='lat' dir='ltr'>Etsi</span> <span class='ocrx_word' id='word_1_166' title='bbox 824 3099 1002 3198; x_wconf 85' lang='lat' dir='ltr'>predictus</span> <span class='ocrx_word' id='word_1_167' title='bbox 1019 3098 1176 3173; x_wconf 88' lang='lat' dir='ltr'>annualis</span> <span class='ocrx_word' id='word_1_168' title='bbox 1193 3098 1352 3174; x_wconf 86' lang='lat' dir='ltr'>redditus</span> <span class='ocrx_word' id='word_1_169' title='bbox 1367 3116 1483 3175; x_wconf 90' lang='lat' dir='ltr'>aretro</span> <span class='ocrx_word' id='word_1_170' title='bbox 1495 3097 1605 3176; x_wconf 84' lang='lat' dir='ltr'>fuerit</span> <span class='ocrx_word' id='word_1_171' title='bbox 1618 3102 1655 3176; x_wconf 91' lang='lat' dir='ltr'>in</span> 
     </span>
     <span class='ocr_line' id='line_1_25' title="bbox 448 3203 1655 3304; baseline -0.002 -25"><span class='ocrx_word' id='word_1_172' title='bbox 448 3223 546 3304; x_wconf 90' lang='lat' dir='ltr'>parte</span> <span class='ocrx_word' id='word_1_173' title='bbox 575 3203 633 3280; x_wconf 89' lang='lat' dir='ltr'>vel</span> <span class='ocrx_word' id='word_1_174' title='bbox 662 3205 699 3276; x_wconf 89' lang='lat' dir='ltr'>in</span> <span class='ocrx_word' id='word_1_175' title='bbox 728 3217 807 3274; x_wconf 93' lang='lat' dir='ltr'>toto</span> <span class='ocrx_word' id='word_1_176' title='bbox 836 3225 899 3298; x_wconf 89' lang='lat' dir='ltr'>per</span> <span class='ocrx_word' id='word_1_177' title='bbox 928 3225 1042 3273; x_wconf 92' lang='lat' dir='ltr'>unum</span> <span class='ocrx_word' id='word_1_178' title='bbox 1072 3225 1205 3274; x_wconf 90' lang='lat' dir='ltr'>annum</span> <span class='ocrx_word' id='word_1_179' title='bbox 1233 3217 1270 3274; x_wconf 91' lang='lat' dir='ltr'>et</span> <span class='ocrx_word' id='word_1_180' title='bbox 1300 3227 1416 3274; x_wconf 88' lang='lat' dir='ltr'>unum</span> <span class='ocrx_word' id='word_1_181' title='bbox 1443 3203 1538 3277; x_wconf 90' lang='lat' dir='ltr'>diem</span> <span class='ocrx_word' id='word_1_182' title='bbox 1562 3204 1655 3276; x_wconf 88' lang='lat' dir='ltr'>ultra</span> 
     </span>
     <span class='ocr_line' id='line_1_26' title="bbox 445 3300 1654 3404; baseline -0.002 -23"><span class='ocrx_word' id='word_1_183' title='bbox 445 3307 639 3382; x_wconf 89' lang='lat' dir='ltr'>terminum</span> <span class='ocrx_word' id='word_1_184' title='bbox 677 3316 904 3401; x_wconf 90' lang='lat' dir='ltr'>prenotatum</span> <span class='ocrx_word' id='word_1_185' title='bbox 942 3317 1027 3374; x_wconf 91' lang='lat' dir='ltr'>tunc</span> <span class='ocrx_word' id='word_1_186' title='bbox 1064 3300 1204 3375; x_wconf 90' lang='lat' dir='ltr'>licitum</span> <span class='ocrx_word' id='word_1_187' title='bbox 1242 3303 1287 3374; x_wconf 89' lang='lat' dir='ltr'>sit</span> <span class='ocrx_word' id='word_1_188' title='bbox 1321 3301 1424 3378; x_wconf 88' lang='lat' dir='ltr'>dictis</span> <span class='ocrx_word' id='word_1_189' title='bbox 1455 3303 1588 3404; x_wconf 88' lang='lat' dir='ltr'>Majori</span> <span class='ocrx_word' id='word_1_190' title='bbox 1618 3321 1654 3378; x_wconf 91' lang='lat' dir='ltr'>et</span> 
     </span>
     <span class='ocr_line' id='line_1_27' title="bbox 447 3401 1653 3502; baseline -0.004 -19"><span class='ocrx_word' id='word_1_191' title='bbox 447 3404 717 3493; x_wconf 85' lang='lat' dir='ltr'>Communitati,</span> <span class='ocrx_word' id='word_1_192' title='bbox 745 3417 780 3476; x_wconf 91' lang='lat' dir='ltr'>et</span> <span class='ocrx_word' id='word_1_193' title='bbox 807 3426 931 3475; x_wconf 91' lang='lat' dir='ltr'>eorum</span> <span class='ocrx_word' id='word_1_194' title='bbox 958 3401 1225 3493; x_wconf 83' lang='lat' dir='ltr'>successoribus,</span> <span class='ocrx_word' id='word_1_195' title='bbox 1253 3403 1291 3477; x_wconf 94' lang='lat' dir='ltr'>in</span> <span class='ocrx_word' id='word_1_196' title='bbox 1313 3403 1506 3502; x_wconf 89' lang='lat' dir='ltr'>predictam</span> <span class='ocrx_word' id='word_1_197' title='bbox 1523 3420 1653 3479; x_wconf 87' lang='lat' dir='ltr'>terram</span> 
     </span>
     <span class='ocr_line' id='line_1_28' title="bbox 447 3501 1652 3618; baseline -0.002 -35"><span class='ocrx_word' id='word_1_198' title='bbox 447 3535 529 3583; x_wconf 91' lang='lat' dir='ltr'>cum</span> <span class='ocrx_word' id='word_1_199' title='bbox 546 3508 619 3581; x_wconf 89' lang='lat' dir='ltr'>suis</span> <span class='ocrx_word' id='word_1_200' title='bbox 635 3501 871 3606; x_wconf 89' lang='lat' dir='ltr'>pertinenciis,</span> <span class='ocrx_word' id='word_1_201' title='bbox 889 3503 926 3575; x_wconf 94' lang='lat' dir='ltr'>in</span> <span class='ocrx_word' id='word_1_202' title='bbox 944 3526 1252 3618; x_wconf 81' lang='lat' dir='ltr'>quorumcumque</span> <span class='ocrx_word' id='word_1_203' title='bbox 1269 3528 1394 3578; x_wconf 88' lang='lat' dir='ltr'>manus</span> <span class='ocrx_word' id='word_1_204' title='bbox 1420 3504 1652 3604; x_wconf 87' lang='lat' dir='ltr'>imposterum</span> 
     </span>
     <span class='ocr_line' id='line_1_29' title="bbox 445 3603 1653 3704; baseline -0.003 -21"><span class='ocrx_word' id='word_1_205' title='bbox 445 3609 638 3698; x_wconf 84' lang='lat' dir='ltr'>devenerit,</span> <span class='ocrx_word' id='word_1_206' title='bbox 681 3603 850 3678; x_wconf 89' lang='lat' dir='ltr'>reintrare</span> <span class='ocrx_word' id='word_1_207' title='bbox 885 3603 1042 3676; x_wconf 87' lang='lat' dir='ltr'>rese1sire</span> <span class='ocrx_word' id='word_1_208' title='bbox 1078 3619 1114 3678; x_wconf 90' lang='lat' dir='ltr'>et</span> <span class='ocrx_word' id='word_1_209' title='bbox 1153 3604 1190 3677; x_wconf 92' lang='lat' dir='ltr'>in</span> <span class='ocrx_word' id='word_1_210' title='bbox 1233 3620 1327 3678; x_wconf 86' lang='lat' dir='ltr'>statu</span> <span class='ocrx_word' id='word_1_211' title='bbox 1365 3605 1516 3704; x_wconf 88' lang='lat' dir='ltr'>pristino</span> <span class='ocrx_word' id='word_1_212' title='bbox 1557 3605 1653 3680; x_wconf 89' lang='lat' dir='ltr'>illam</span> 
     </span>
     <span class='ocr_line' id='line_1_30' title="bbox 446 3705 1653 3804; baseline -0.003 -19"><span class='ocrx_word' id='word_1_213' title='bbox 446 3709 597 3785; x_wconf 89' lang='lat' dir='ltr'>retinere</span> <span class='ocrx_word' id='word_1_214' title='bbox 623 3708 899 3803; x_wconf 88' lang='lat' dir='ltr'>imperpetuum,</span> <span class='ocrx_word' id='word_1_215' title='bbox 927 3731 947 3778; x_wconf 94' lang='lat' dir='ltr'>a</span> <span class='ocrx_word' id='word_1_216' title='bbox 1013 3729 1059 3777; x_wconf 87' lang='lat' dir='ltr'>ue</span> <span class='ocrx_word' id='word_1_217' title='bbox 1088 3705 1344 3804; x_wconf 89' lang='lat' dir='ltr'>impedimento</span> <span class='ocrx_word' id='word_1_218' title='bbox 1370 3707 1427 3780; x_wconf 88' lang='lat' dir='ltr'>vel</span> <span class='ocrx_word' id='word_1_219' title='bbox 1455 3705 1653 3804; x_wconf 88' lang='lat' dir='ltr'>calumpnia</span> 
     </span>
    </p>
   </div>
   <div class='ocr_carea' id='block_1_4' title="bbox 445 3803 1654 4113">
    <p class='ocr_par' dir='ltr' id='par_1_4' title="bbox 445 3803 1654 4113">
     <span class='ocr_line' id='line_1_31' title="bbox 446 3803 1653 3911; baseline -0.003 -27"><span class='ocrx_word' id='word_1_220' title='bbox 446 3811 689 3911; x_wconf 89' lang='lat' dir='ltr'>predictorum</span> <span class='ocrx_word' id='word_1_221' title='bbox 716 3805 858 3879; x_wconf 90' lang='lat' dir='ltr'>Thome</span> <span class='ocrx_word' id='word_1_222' title='bbox 885 3820 921 3877; x_wconf 92' lang='lat' dir='ltr'>et</span> <span class='ocrx_word' id='word_1_223' title='bbox 948 3803 1003 3878; x_wconf 90' lang='lat' dir='ltr'>lsa</span> <span class='ocrx_word' id='word_1_224' title='bbox 1047 3804 1103 3894; x_wconf 91' lang='lat' dir='ltr'>lle,</span> <span class='ocrx_word' id='word_1_225' title='bbox 1134 3805 1305 3880; x_wconf 90' lang='lat' dir='ltr'>heredum</span> <span class='ocrx_word' id='word_1_226' title='bbox 1332 3823 1368 3880; x_wconf 94' lang='lat' dir='ltr'>et</span> <span class='ocrx_word' id='word_1_227' title='bbox 1397 3808 1653 3906; x_wconf 81' lang='lat' dir='ltr'>assignatorum</span> 
     </span>
     <span class='ocr_line' id='line_1_32' title="bbox 446 3905 1653 4023; baseline -0.004 -36"><span class='ocrx_word' id='word_1_228' title='bbox 446 3912 555 4012; x_wconf 81' lang='lat' dir='ltr'>ipsius</span> <span class='ocrx_word' id='word_1_229' title='bbox 583 3909 748 3983; x_wconf 90' lang='lat' dir='ltr'>Thome:</span> <span class='ocrx_word' id='word_1_230' title='bbox 788 3905 839 3979; x_wconf 86' lang='lat' dir='ltr'>Et</span> <span class='ocrx_word' id='word_1_231' title='bbox 877 3905 1055 4022; x_wconf 70' lang='lat' dir='ltr'>predictus</span> <span class='ocrx_word' id='word_1_232' title='bbox 1086 3906 1207 4023; x_wconf 83' lang='lat' dir='ltr'>Major</span> <span class='ocrx_word' id='word_1_233' title='bbox 1235 3923 1271 3982; x_wconf 89' lang='lat' dir='ltr'>et</span> <span class='ocrx_word' id='word_1_234' title='bbox 1301 3923 1375 3981; x_wconf 88' lang='lat' dir='ltr'>tota</span> <span class='ocrx_word' id='word_1_235' title='bbox 1406 3907 1653 3982; x_wconf 87' lang='lat' dir='ltr'>Communitas</span> 
     </span>
     <span class='ocr_line' id='line_1_33' title="bbox 445 4008 1654 4113; baseline -0.002 -27"><span class='ocrx_word' id='word_1_236' title='bbox 445 4013 603 4113; x_wconf 86' lang='lat' dir='ltr'>predicta</span> <span class='ocrx_word' id='word_1_237' title='bbox 644 4027 680 4084; x_wconf 91' lang='lat' dir='ltr'>et</span> <span class='ocrx_word' id='word_1_238' title='bbox 717 4031 930 4082; x_wconf 79' lang='lat' dir='ltr'>successores</span> <span class='ocrx_word' id='word_1_239' title='bbox 968 4031 1021 4079; x_wconf 82' lang='lat' dir='ltr'>sur</span> <span class='ocrx_word' id='word_1_240' title='bbox 1060 4008 1253 4104; x_wconf 78' lang='lat' dir='ltr'>predictam</span> <span class='ocrx_word' id='word_1_241' title='bbox 1291 4025 1419 4083; x_wconf 88' lang='lat' dir='ltr'>terram</span> <span class='ocrx_word' id='word_1_242' title='bbox 1459 4033 1539 4083; x_wconf 91' lang='lat' dir='ltr'>cum</span> <span class='ocrx_word' id='word_1_243' title='bbox 1583 4012 1654 4084; x_wconf 90' lang='lat' dir='ltr'>suis</span> 
     </span>
    </p>
   </div>
   <div class='ocr_carea' id='block_1_5' title="bbox 0 0 1868 5258">
    <p class='ocr_par' dir='ltr' id='par_1_5' title="bbox 0 0 1868 5258">
     <span class='ocr_line' id='line_1_34' title="bbox 0 0 1868 5258; baseline 0 2"><span class='ocrx_word' id='word_1_244' title='bbox 0 0 1868 5258; x_wconf 95' lang='lat' dir='ltr'> </span> 
     </span>
    </p>
   </div>
  </div>
 </body>
</html>
