3744 5296
797 463 973 538 DOVER
1000 460 1277 539 CHARTERS

938 662 1152 749 xxm.

775 837 878 923 xxiiii
901 837 1031 908 Marcii
1053 849 1093 922 17
1114 838 1216 909 Ero.
1240 838 1307 909 111.

438 993 714 1097 [E]ownnoos,
744 995 801 1070 dei
828 995 946 1096 gracia
977 995 1052 1068 Rex
1076 996 1138 1068 An
1164 996 1221 1088 lie,
1249 996 1430 1070 Dominus
1457 995 1645 1085 Hibernie‚

436 1112 473 1169 et
507 1097 595 1169 Dux
628 1095 847 1194 Aquitanie3
898 1096 1078 1172 Omnibus
1191 1122 1283 1199 quos
1319 1113 1497 1197 presentes
1528 1096 1647 1172 littere

436 1197 898 1296 pervenerint-Salutem
988 1196 1209 1296 Inspeximus
1250 1198 1432 1297 quoddam
1475 1199 1646 1296 scripturn

436 1297 674 1388 indonatum,
704 1298 827 1397 Sigillo
857 1297 1138 1372 Communitatis
1171 1315 1296 1398 portus
1327 1299 1437 1372 nostri
1468 1300 1644 1388 Dovorre‚

435 1414 473 1473 et
488 1398 613 1499 sigillis
631 1399 751 1474 dilecti
776 1416 812 1474 et
838 1399 952 1473 fidelis
977 1400 1089 1474 nostri
1111 1399 1313 1490 Edmundi,
1331 1399 1483 1474 Comitis
1500 1400 1645 1492 Kancie,

436 1497 556 1574 fratris
589 1501 702 1576 nostri
736 1500 915 1590 carissimi,
946 1526 1060 1600 nuper
1092 1499 1350 1601 constabularii
1384 1500 1498 1575 Castri
1534 1502 1646 1575 nostri

436 1603 615 1691 Dovorre,
650 1616 686 1676 et
725 1601 894 1677 Custodis
935 1601 1093 1702 quinque
1135 1620 1306 1700 portuum
1349 1617 1566 1691 nostrorum,
1609 1617 1647 1676 et

437 1703 662 1801 quorundam
687 1702 926 1802 Burgensiurn
943 1719 978 1776 et
999 1702 1265 1776 Comlrsronum
1291 1719 1494 1777 nostrorum
1520 1719 1646 1802 portus

437 1802 598 1901 predicti,
615 1803 874 1902 consignatum,
893 1803 929 1876 in
946 1803 1009 1877 hec
1026 1803 1184 1877 verba-

515 1903 686 1978 Noverint
697 1906 845 1978 universi
860 1904 946 2002 quod
967 1929 1037 1977 cum
1063 1907 1269 1978 contenciones
1291 1921 1324 1977 et
1340 1907 1549 1978 controversie
1566 1924 1646 1977 mote

428 2004 576 2101 ficissent
589 2008 674 2078 inter
691 2005 905 2080 Gallielmum
923 2005 1058 2103 Virgile,
1070 2006 1253 2079 Ricardum
1265 2005 1420 2100 Arcbyer,
1439 2005 1645 2081 Wllelrnum

441 2105 573 2202 Hurtyn
594 2124 625 2179 et
644 2107 736 2193 alios,
762 2107 803 2179 de
828 2107 979 2179 Societate
1008 2125 1123 2179 vocata
1152 2106 1517 2194 rossen1r‚babentes
1542 2131 1646 2180 naves

440 2226 575 2279 vocatas
595 2231 804 2282 rnssnonns
822 2207 961 2279 invilla
979 2205 1129 2280 Douorre
1145 2233 1185 2278 en
1195 2225 1293 2301 porte
1313 2231 1389 2295 una,
1408 2223 1440 2278 et
1456 2205 1645 2298 Jobannem

437 2324 503 2380 arte
516 2308 584 2399 See,
604 2308 756 2380 Tbomam
773 2307 901 2394 Reade,
923 2306 1128 2380 erlelrnurn
1146 2307 1268 2380 Rassel
1282 2325 1315 2380 et
1328 2307 1409 2380 alios
1434 2308 1646 2381 Combarones

437 2422 596 2505 sequentes
616 2429 682 2502 pro
709 2409 945 2480 Communitate
965 2407 1049 2480 ville
1058 2408 1203 2502 predicte
1220 2431 1258 2479 en
1275 2408 1382 2480 altero
1399 2406 1532 2507 [parte]
1548 2428 1646 2506 super

431 2506 574 2603 proficuo
586 2511 734 2606 passagii
749 2510 833 2580 inter
847 2506 1039 2580 Dovorrarn
1063 2527 1095 2580 et
1113 2508 1277 2600 Wytsond
1291 2508 1472 2602 capiend’,·
1504 2510 1646 2582 Tandem

438 2611 548 2682 amicis
585 2607 867 2682 intervenientibus
905 2613 941 2681 in
975 2609 1060 2682 bunc
1086 2609 1212 2682 modum
1247 2610 1448 2706 quieverunt,
1484 2610 1644 2698 videlicet,

438 2710 526 2808 quod
531 2710 677 2805 predicti
698 2707 895 2799 Wlletmus,
912 2709 1092 2798 Ricardus,
1111 2709 1303 2797 Willelmus,
1314 2728 1378 2804 pro
1396 2735 1430 2781 se
1447 2727 1479 2781 et
1494 2710 1646 2782 Societate

437 2835 509 2899 sua,
535 2827 568 2882 et
590 2810 733 2883 omnibus
756 2834 858 2882 naves
877 2811 1104 2906 passagiarias
1126 2809 1328 2898 habentibus,
1352 2809 1410 2882 vel
1434 2812 1469 2882 in
1488 2812 1646 2906 funerum

437 2910 610 3000 habituris,
628 2912 798 2985 concedunt
808 2928 984 3005 spontanea
998 2912 1164 2984 voluntate
1176 2913 1211 2982 in
1223 2910 1381 2983 auxilium
1396 2912 1646 2985 Communitatis

434 3012 577 3108 predicte
606 3013 686 3085 dare
710 3030 742 3085 et
766 3011 962 3085 contribuere
992 3012 1031 3084 de
1061 3011 1201 3109 quolibet
1223 3012 1325 3108 fretra
1352 3011 1522 3108 cujuslibet
1549 3015 1647 3086 navis

428 3115 570 3209 frcttate
585 3139 656 3187 curn
674 3115 763 3211 equis
779 3114 819 3185 de
837 3111 993 3187 Devorra
1019 3136 1119 3210 usque
1140 3111 1306 3206 Wytsand
1317 3111 1394 3187 duos
1417 3113 1542 3202 solidos,
1560 3127 1593 3185 et
1607 3113 1647 3186 de

438 3214 577 3311 quolibet
594 3217 799 3311 passagiarr'o
817 3213 957 3307 frenato
982 3237 1053 3286 curn
1085 3213 1252 3308 peditibus
1287 3214 1450 3286 duodecim
1483 3214 1644 3303 denarim,

433 3315 634 3410 percipiend'
644 3334 710 3408 per
723 3316 802 3387 duos
819 3314 962 3387 homines
978 3313 1039 3385 vel
1053 3329 1119 3386 tres
1141 3312 1190 3384 ad
1203 3315 1261 3385 boc
1280 3315 1388 3386 electos
1404 3313 1445 3387 de
1460 3313 1600 3388 novibus
1616 3331 1650 3386 et

438 3415 563 3488 burellis
572 3413 729 3509 predictis
741 3416 936 3513 priusquam
954 3414 1049 3487 litore
1067 3413 1226 3505 recedant,
1241 3431 1273 3488 et
1284 3414 1322 3488 e‘n
1335 3414 1477 3512 quadam
1491 3417 1649 3488 communi

437 3519 522 3589 cisto
532 3535 598 3613 per
607 3516 761 3612 majorem
774 3516 942 3610 etjuratos
952 3515 1093 3611 ejusdem
1105 3516 1193 3606 ville,
1213 3517 1269 3614 qui
1278 3535 1344 3612 pro
1357 3533 1493 3610 tempore
1500 3516 1647 3610 fuerint,

437 3616 650 3711 deponantur.
702 3616 823 3709 Etpro
839 3617 904 3688 ista
922 3617 1111 3689 concessione
1131 3617 1271 3713 predicti
1295 3615 1476 3708 Jobannes,
1496 3615 1647 3708 Thomas,

437 3733 470 3788 et
505 3715 698 3806 Willelmus,
727 3734 792 3812 pro
820 3714 920 3788 simul
950 3717 1048 3789 simul
1083 3715 1163 3814 [sic]
1200 3741 1270 3790 curn
1309 3734 1373 3789 tcta
1413 3718 1648 3790 Communitate

436 3818 587 3912 predicta
621 3818 831 3890 concederunt
862 3816 948 3913 quod
980 3816 1125 3910 predicti
1169 3817 1366 3907 Willelmus,
1402 3818 1583 3906 Ricardus,
1618 3835 1649 3890 et

443 3916 631 4010 Willelmus,
664 3937 696 3991 et
726 3919 802 3990 socii
833 3917 872 3990 de
907 3917 1060 3989 Societate
1096 3917 1247 4013 predicto
1280 3941 1383 3990 naves
1420 3921 1647 4014 passagiorias

437 4019 600 4108 babentes,
626 4036 659 4093 et
681 4021 887 4114 imposterum
912 4017 1014 4090 ubiles
1036 4019 1085 4090 ad
1098 4021 1289 4117 passagium
1305 4018 1462 4114 faciend'
1487 4019 1646 4108 babituri,

432 4139 499 4214 per
530 4146 565 4193 se
592 4135 625 4192 et
648 4145 723 4193 suos
750 4121 903 4216 passagio
932 4118 1078 4216 predicto
1112 4143 1183 4192 cum
1217 4119 1361 4192 omnibus
1389 4118 1546 4216 proficuis
1574 4119 1648 4194 inde

431 4221 701 4313 provenientibus
734 4220 831 4293 libere
865 4237 902 4292 ut
937 4220 1120 4314 predictum
1154 4236 1205 4291 est
1235 4221 1306 4292 sine
1338 4225 1424 4292 omni
1459 4221 1646 4314 calumpnia

441 4322 682 4432 Communitatis
700 4322 846 4419 predicte
871 4323 920 4393 ati
941 4323 1064 4417 possint
1087 4339 1119 4392 et
1136 4320 1284 4418 gaudere
1308 4323 1552 4420 imperpetuum.
1604 4323 1646 4395 In

1845 3817 1850 3987 t
