<?xml version="1.0" encoding="UTF-8"?>
<!DOCTYPE html PUBLIC "-//W3C//DTD XHTML 1.0 Transitional//EN"
    "http://www.w3.org/TR/xhtml1/DTD/xhtml1-transitional.dtd">
<html xmlns="http://www.w3.org/1999/xhtml" xml:lang="en" lang="en">
 <head>
  <title>
</title>
<meta http-equiv="Content-Type" content="text/html;charset=utf-8" />
  <meta name='ocr-system' content='tesseract 3.04.00' />
  <meta name='ocr-capabilities' content='ocr_page ocr_carea ocr_par ocr_line ocrx_word'/>
</head>
<body>
  <div class='ocr_page' id='page_1' title='image "./doverchartersan00statgoog_0359.png"; bbox 0 0 3702 5254; ppageno 0'>
   <div class='ocr_carea' id='block_1_1' title="bbox 497 435 1343 529">
    <p class='ocr_par' dir='ltr' id='par_1_1' title="bbox 497 435 1343 529">
     <span class='ocr_line' id='line_1_1' title="bbox 497 435 1343 529; baseline 0 -21"><span class='ocrx_word' id='word_1_1' title='bbox 497 455 569 529; x_wconf 84' lang='lat'>320</span> <span class='ocrx_word' id='word_1_2' title='bbox 857 435 1037 512; x_wconf 89' lang='lat' dir='ltr'>DOVER</span> <span class='ocrx_word' id='word_1_3' title='bbox 1065 435 1343 510; x_wconf 84' lang='lat' dir='ltr'><strong>CHARTERS</strong></span> 
     </span>
    </p>
   </div>
   <div class='ocr_carea' id='block_1_2' title="bbox 490 635 1703 2350">
    <p class='ocr_par' dir='ltr' id='par_1_2' title="bbox 490 635 1703 1922">
     <span class='ocr_line' id='line_1_2' title="bbox 575 635 1703 736; baseline 0.001 -28"><span class='ocrx_word' id='word_1_4' title='bbox 575 637 647 709; x_wconf 89' lang='lat' dir='ltr'>iose</span> <span class='ocrx_word' id='word_1_5' title='bbox 685 662 822 711; x_wconf 87' lang='lat' dir='ltr'>necnon</span> <span class='ocrx_word' id='word_1_6' title='bbox 860 638 896 709; x_wconf 91' lang='lat' dir='ltr'>in</span> <span class='ocrx_word' id='word_1_7' title='bbox 936 636 1126 712; x_wconf 80' lang='lat' dir='ltr'>utilitatem</span> <span class='ocrx_word' id='word_1_8' title='bbox 1162 654 1198 712; x_wconf 93' lang='lat' dir='ltr'>et</span> <span class='ocrx_word' id='word_1_9' title='bbox 1224 636 1433 711; x_wconf 87' lang='lat' dir='ltr'>beneficium</span> <span class='ocrx_word' id='word_1_10' title='bbox 1458 635 1703 736; x_wconf 90' lang='lat' dir='ltr'>predictorum</span> 
     </span>
     <span class='ocr_line' id='line_1_3' title="bbox 492 661 1703 836; baseline 0 -26"><span class='ocrx_word' id='word_1_11' title='bbox 492 661 685 836; x_wconf 50' lang='lat' dir='ltr'>{ditiorem</span> <span class='ocrx_word' id='word_1_12' title='bbox 704 737 893 827; x_wconf 86' lang='lat' dir='ltr'>Ballivum‚</span> <span class='ocrx_word' id='word_1_13' title='bbox 906 755 941 810; x_wconf 90' lang='lat' dir='ltr'>et</span> <span class='ocrx_word' id='word_1_14' title='bbox 956 738 1261 812; x_wconf 89' lang='lat' dir='ltr'>Communitatem</span> <span class='ocrx_word' id='word_1_15' title='bbox 1276 754 1509 835; x_wconf 83' lang='lat' dir='ltr'>exponantur,</span> <span class='ocrx_word' id='word_1_16' title='bbox 1522 737 1703 811; x_wconf 87' lang='lat' dir='ltr'>declaren-</span> 
     </span>
     <span class='ocr_line' id='line_1_4' title="bbox 492 837 1702 938; baseline 0.002 -29"><span class='ocrx_word' id='word_1_17' title='bbox 492 854 564 928; x_wconf 85' lang='lat' dir='ltr'>tur,</span> <span class='ocrx_word' id='word_1_18' title='bbox 595 838 884 937; x_wconf 84' lang='lat' dir='ltr'>interpretentur,</span> <span class='ocrx_word' id='word_1_19' title='bbox 913 855 950 911; x_wconf 90' lang='lat' dir='ltr'>et</span> <span class='ocrx_word' id='word_1_20' title='bbox 979 837 1226 938; x_wconf 84' lang='lat' dir='ltr'>adjudicentur</span> <span class='ocrx_word' id='word_1_21' title='bbox 1255 855 1292 912; x_wconf 92' lang='lat' dir='ltr'>et</span> <span class='ocrx_word' id='word_1_22' title='bbox 1321 838 1491 912; x_wconf 83' lang='lat' dir='ltr'>usualiter</span> <span class='ocrx_word' id='word_1_23' title='bbox 1531 864 1594 911; x_wconf 91' lang='lat' dir='ltr'>nec</span> <span class='ocrx_word' id='word_1_24' title='bbox 1632 839 1702 912; x_wconf 93' lang='lat' dir='ltr'>alio</span> 
     </span>
     <span class='ocr_line' id='line_1_5' title="bbox 493 939 1702 1038; baseline 0 -26"><span class='ocrx_word' id='word_1_25' title='bbox 493 939 613 1025; x_wconf 92' lang='lat' dir='ltr'>modo,</span> <span class='ocrx_word' id='word_1_26' title='bbox 631 965 675 1012; x_wconf 93' lang='lat' dir='ltr'>eo</span> <span class='ocrx_word' id='word_1_27' title='bbox 691 941 790 1038; x_wconf 90' lang='lat' dir='ltr'>quod</span> <span class='ocrx_word' id='word_1_28' title='bbox 809 965 968 1038; x_wconf 85' lang='lat' dir='ltr'>expressa</span> <span class='ocrx_word' id='word_1_29' title='bbox 984 939 1122 1014; x_wconf 90' lang='lat' dir='ltr'>mencio</span> <span class='ocrx_word' id='word_1_30' title='bbox 1138 940 1183 1013; x_wconf 89' lang='lat' dir='ltr'>dc</span> <span class='ocrx_word' id='word_1_31' title='bbox 1201 965 1288 1013; x_wconf 89' lang='lat' dir='ltr'>vero</span> <span class='ocrx_word' id='word_1_32' title='bbox 1305 940 1425 1015; x_wconf 89' lang='lat' dir='ltr'>valore</span> <span class='ocrx_word' id='word_1_33' title='bbox 1441 964 1560 1013; x_wconf 83' lang='lat' dir='ltr'>annuo</span> <span class='ocrx_word' id='word_1_34' title='bbox 1575 965 1637 1013; x_wconf 88' lang='lat' dir='ltr'>seu</span> <span class='ocrx_word' id='word_1_35' title='bbox 1654 939 1702 1012; x_wconf 92' lang='lat' dir='ltr'>de</span> 
     </span>
     <span class='ocr_line' id='line_1_6' title="bbox 491 1038 1700 1140; baseline 0.001 -29"><span class='ocrx_word' id='word_1_36' title='bbox 491 1038 611 1139; x_wconf 84' lang='lat' dir='ltr'>aliquo</span> <span class='ocrx_word' id='word_1_37' title='bbox 628 1040 696 1113; x_wconf 90' lang='lat' dir='ltr'>alio</span> <span class='ocrx_word' id='word_1_38' title='bbox 713 1041 843 1126; x_wconf 85' lang='lat' dir='ltr'>valore,</span> <span class='ocrx_word' id='word_1_39' title='bbox 861 1058 922 1116; x_wconf 91' lang='lat' dir='ltr'>aut</span> <span class='ocrx_word' id='word_1_40' title='bbox 936 1041 980 1114; x_wconf 95' lang='lat' dir='ltr'>de</span> <span class='ocrx_word' id='word_1_41' title='bbox 994 1041 1207 1114; x_wconf 86' lang='lat' dir='ltr'>certitudine</span> <span class='ocrx_word' id='word_1_42' title='bbox 1221 1041 1486 1140; x_wconf 78' lang='lat' dir='ltr'>premissorum,</span> <span class='ocrx_word' id='word_1_43' title='bbox 1499 1066 1562 1114; x_wconf 86' lang='lat' dir='ltr'>seu</span> <span class='ocrx_word' id='word_1_44' title='bbox 1575 1065 1700 1113; x_wconf 90' lang='lat' dir='ltr'>eorum</span> 
     </span>
     <span class='ocr_line' id='line_1_7' title="bbox 491 1139 1699 1242; baseline 0 -29"><span class='ocrx_word' id='word_1_45' title='bbox 491 1139 651 1241; x_wconf 83' lang='lat' dir='ltr'>alicujus,</span> <span class='ocrx_word' id='word_1_46' title='bbox 668 1157 730 1216; x_wconf 90' lang='lat' dir='ltr'>aut</span> <span class='ocrx_word' id='word_1_47' title='bbox 747 1142 792 1216; x_wconf 95' lang='lat' dir='ltr'>de</span> <span class='ocrx_word' id='word_1_48' title='bbox 802 1142 878 1216; x_wconf 90' lang='lat' dir='ltr'>aliis</span> <span class='ocrx_word' id='word_1_49' title='bbox 888 1141 991 1215; x_wconf 92' lang='lat' dir='ltr'>donis</span> <span class='ocrx_word' id='word_1_50' title='bbox 1004 1141 1078 1215; x_wconf 84' lang='lat' dir='ltr'>sive</span> <span class='ocrx_word' id='word_1_51' title='bbox 1088 1140 1382 1230; x_wconf 89' lang='lat' dir='ltr'>concessionibus,</span> <span class='ocrx_word' id='word_1_52' title='bbox 1396 1139 1541 1241; x_wconf 87' lang='lat' dir='ltr'>prefatis</span> <span class='ocrx_word' id='word_1_53' title='bbox 1554 1140 1699 1242; x_wconf 85' lang='lat' dir='ltr'>Majori,</span> 
     </span>
     <span class='ocr_line' id='line_1_8' title="bbox 493 1240 1701 1342; baseline -0.001 -28"><span class='ocrx_word' id='word_1_54' title='bbox 493 1241 640 1332; x_wconf 88' lang='lat' dir='ltr'>Ballivo,</span> <span class='ocrx_word' id='word_1_55' title='bbox 674 1258 710 1315; x_wconf 89' lang='lat' dir='ltr'>et</span> <span class='ocrx_word' id='word_1_56' title='bbox 744 1241 1006 1316; x_wconf 92' lang='lat' dir='ltr'>Communitati</span> <span class='ocrx_word' id='word_1_57' title='bbox 1042 1269 1103 1342; x_wconf 86' lang='lat' dir='ltr'>per</span> <span class='ocrx_word' id='word_1_58' title='bbox 1138 1268 1212 1331; x_wconf 89' lang='lat' dir='ltr'>nos,</span> <span class='ocrx_word' id='word_1_59' title='bbox 1246 1267 1309 1317; x_wconf 86' lang='lat' dir='ltr'>seu</span> <span class='ocrx_word' id='word_1_60' title='bbox 1339 1268 1403 1341; x_wconf 89' lang='lat' dir='ltr'>per</span> <span class='ocrx_word' id='word_1_61' title='bbox 1431 1240 1587 1342; x_wconf 80' lang='lat' dir='ltr'>aliquem</span> <span class='ocrx_word' id='word_1_62' title='bbox 1616 1266 1701 1341; x_wconf 90' lang='lat' dir='ltr'>pro-</span> 
     </span>
     <span class='ocr_line' id='line_1_9' title="bbox 490 1341 1700 1443; baseline -0.001 -28"><span class='ocrx_word' id='word_1_63' title='bbox 490 1341 693 1441; x_wconf 84' lang='lat' dir='ltr'>genitorum</span> <span class='ocrx_word' id='word_1_64' title='bbox 731 1343 806 1416; x_wconf 89' lang='lat' dir='ltr'>sive</span> <span class='ocrx_word' id='word_1_65' title='bbox 845 1344 1132 1443; x_wconf 81' lang='lat' dir='ltr'>predecessorum</span> <span class='ocrx_word' id='word_1_66' title='bbox 1172 1359 1387 1434; x_wconf 86' lang='lat' dir='ltr'>nostrorum,</span> <span class='ocrx_word' id='word_1_67' title='bbox 1427 1357 1507 1415; x_wconf 89' lang='lat' dir='ltr'>ante</span> <span class='ocrx_word' id='word_1_68' title='bbox 1545 1342 1700 1415; x_wconf 87' lang='lat' dir='ltr'>eundem</span> 
     </span>
     <span class='ocr_line' id='line_1_10' title="bbox 491 1441 1701 1544; baseline -0.002 -28"><span class='ocrx_word' id='word_1_69' title='bbox 491 1443 700 1518; x_wconf 87' lang='lat' dir='ltr'>vicesimum</span> <span class='ocrx_word' id='word_1_70' title='bbox 736 1443 886 1519; x_wconf 89' lang='lat' dir='ltr'>tercium</span> <span class='ocrx_word' id='word_1_71' title='bbox 919 1443 1015 1518; x_wconf 88' lang='lat' dir='ltr'>diem</span> <span class='ocrx_word' id='word_1_72' title='bbox 1050 1444 1196 1544; x_wconf 87' lang='lat' dir='ltr'>Aprilis,</span> <span class='ocrx_word' id='word_1_73' title='bbox 1230 1443 1266 1517; x_wconf 92' lang='lat' dir='ltr'>in</span> <span class='ocrx_word' id='word_1_74' title='bbox 1301 1442 1521 1542; x_wconf 87' lang='lat' dir='ltr'>presentibus</span> <span class='ocrx_word' id='word_1_75' title='bbox 1555 1441 1701 1515; x_wconf 92' lang='lat' dir='ltr'>minime</span> 
     </span>
     <span class='ocr_line' id='line_1_11' title="bbox 491 1543 1702 1644; baseline -0.001 -28"><span class='ocrx_word' id='word_1_76' title='bbox 491 1543 582 1617; x_wconf 88' lang='lat' dir='ltr'>facta</span> <span class='ocrx_word' id='word_1_77' title='bbox 611 1544 741 1633; x_wconf 84' lang='lat' dir='ltr'>existit,</span> <span class='ocrx_word' id='word_1_78' title='bbox 772 1561 834 1618; x_wconf 92' lang='lat' dir='ltr'>aut</span> <span class='ocrx_word' id='word_1_79' title='bbox 862 1544 982 1644; x_wconf 89' lang='lat' dir='ltr'>aliquo</span> <span class='ocrx_word' id='word_1_80' title='bbox 1012 1561 1158 1633; x_wconf 88' lang='lat' dir='ltr'>statuto,</span> <span class='ocrx_word' id='word_1_81' title='bbox 1188 1561 1281 1634; x_wconf 86' lang='lat' dir='ltr'>actu,</span> <span class='ocrx_word' id='word_1_82' title='bbox 1311 1543 1547 1631; x_wconf 88' lang='lat' dir='ltr'>ordinacione,</span> <span class='ocrx_word' id='word_1_83' title='bbox 1578 1545 1702 1643; x_wconf 91' lang='lat' dir='ltr'>provi-</span> 
     </span>
     <span class='ocr_line' id='line_1_12' title="bbox 492 1643 1701 1734; baseline 0 -17"><span class='ocrx_word' id='word_1_84' title='bbox 492 1645 600 1734; x_wconf 86' lang='lat' dir='ltr'>sione,</span> <span class='ocrx_word' id='word_1_85' title='bbox 618 1671 682 1720; x_wconf 87' lang='lat' dir='ltr'>seu</span> <span class='ocrx_word' id='word_1_86' title='bbox 699 1645 921 1719; x_wconf 82' lang='lat' dir='ltr'>restrictione</span> <span class='ocrx_word' id='word_1_87' title='bbox 939 1645 1022 1719; x_wconf 91' lang='lat' dir='ltr'>inde</span> <span class='ocrx_word' id='word_1_88' title='bbox 1052 1647 1305 1720; x_wconf 88' lang='lat' dir='ltr'>incontrarium</span> <span class='ocrx_word' id='word_1_89' title='bbox 1336 1643 1449 1733; x_wconf 88' lang='lat' dir='ltr'>factis,</span> <span class='ocrx_word' id='word_1_90' title='bbox 1479 1645 1596 1732; x_wconf 91' lang='lat' dir='ltr'>editis,</span> <span class='ocrx_word' id='word_1_91' title='bbox 1625 1644 1701 1718; x_wconf 87' lang='lat' dir='ltr'>sive</span> 
     </span>
     <span class='ocr_line' id='line_1_13' title="bbox 491 1745 1700 1846; baseline -0.003 -25"><span class='ocrx_word' id='word_1_92' title='bbox 491 1745 673 1836; x_wconf 81' lang='lat' dir='ltr'>ordinatis,</span> <span class='ocrx_word' id='word_1_93' title='bbox 689 1762 751 1820; x_wconf 88' lang='lat' dir='ltr'>aut</span> <span class='ocrx_word' id='word_1_94' title='bbox 767 1746 885 1846; x_wconf 83' lang='lat' dir='ltr'>aliqua</span> <span class='ocrx_word' id='word_1_95' title='bbox 896 1745 963 1820; x_wconf 88' lang='lat' dir='ltr'>alia</span> <span class='ocrx_word' id='word_1_96' title='bbox 975 1745 1122 1821; x_wconf 91' lang='lat' dir='ltr'>materia</span> <span class='ocrx_word' id='word_1_97' title='bbox 1135 1773 1173 1819; x_wconf 91' lang='lat' dir='ltr'>re</span> <span class='ocrx_word' id='word_1_98' title='bbox 1192 1747 1246 1820; x_wconf 93' lang='lat' dir='ltr'>vel</span> <span class='ocrx_word' id='word_1_99' title='bbox 1264 1772 1365 1821; x_wconf 83' lang='lat' dir='ltr'>causa</span> <span class='ocrx_word' id='word_1_100' title='bbox 1381 1771 1608 1846; x_wconf 89' lang='lat' dir='ltr'>quacumque</span> <span class='ocrx_word' id='word_1_101' title='bbox 1626 1771 1700 1818; x_wconf 92' lang='lat' dir='ltr'>non</span> 
     </span>
     <span class='ocr_line' id='line_1_14' title="bbox 491 1846 663 1922; baseline 0.012 -2"><span class='ocrx_word' id='word_1_102' title='bbox 491 1846 663 1922; x_wconf 83' lang='lat' dir='ltr'>obstante.</span> 
     </span>
    </p>

    <p class='ocr_par' dir='ltr' id='par_1_3' title="bbox 491 1945 1701 2146">
     <span class='ocr_line' id='line_1_15' title="bbox 566 1945 1701 2047; baseline -0.001 -27"><span class='ocrx_word' id='word_1_103' title='bbox 566 1949 608 2020; x_wconf 96' lang='lat' dir='ltr'>ln</span> <span class='ocrx_word' id='word_1_104' title='bbox 626 1947 728 2047; x_wconf 90' lang='lat' dir='ltr'>cujus</span> <span class='ocrx_word' id='word_1_105' title='bbox 745 1948 793 2020; x_wconf 90' lang='lat' dir='ltr'>rei</span> <span class='ocrx_word' id='word_1_106' title='bbox 811 1949 1055 2022; x_wconf 88' lang='lat' dir='ltr'>testimonium</span> <span class='ocrx_word' id='word_1_107' title='bbox 1074 1949 1135 2021; x_wconf 90' lang='lat' dir='ltr'>has</span> <span class='ocrx_word' id='word_1_108' title='bbox 1152 1947 1286 2022; x_wconf 85' lang='lat' dir='ltr'>litteras</span> <span class='ocrx_word' id='word_1_109' title='bbox 1302 1964 1437 2022; x_wconf 87' lang='lat' dir='ltr'>nostras</span> <span class='ocrx_word' id='word_1_110' title='bbox 1455 1947 1529 2021; x_wconf 90' lang='lat' dir='ltr'>lieri</span> <span class='ocrx_word' id='word_1_111' title='bbox 1551 1945 1701 2021; x_wconf 88' lang='lat' dir='ltr'>fecimus</span> 
     </span>
     <span class='ocr_line' id='line_1_16' title="bbox 491 2064 657 2146; baseline -0.012 -24"><span class='ocrx_word' id='word_1_112' title='bbox 491 2064 657 2146; x_wconf 82' lang='lat' dir='ltr'>patentes.</span> 
     </span>
    </p>

    <p class='ocr_par' dir='ltr' id='par_1_4' title="bbox 491 2148 1701 2350">
     <span class='ocr_line' id='line_1_17' title="bbox 566 2148 1701 2248; baseline 0 -27"><span class='ocrx_word' id='word_1_113' title='bbox 566 2151 673 2223; x_wconf 88' lang='lat' dir='ltr'>Teste</span> <span class='ocrx_word' id='word_1_114' title='bbox 692 2175 747 2220; x_wconf 88' lang='lat' dir='ltr'>me</span> <span class='ocrx_word' id='word_1_115' title='bbox 777 2149 854 2246; x_wconf 88' lang='lat' dir='ltr'>ipso</span> <span class='ocrx_word' id='word_1_116' title='bbox 883 2149 978 2248; x_wconf 93' lang='lat' dir='ltr'>apud</span> <span class='ocrx_word' id='word_1_117' title='bbox 1009 2151 1366 2224; x_wconf 79' lang='lat' dir='ltr'>westmonasterium</span> <span class='ocrx_word' id='word_1_118' title='bbox 1396 2148 1612 2223; x_wconf 87' lang='lat' dir='ltr'>duodecimo</span> <span class='ocrx_word' id='word_1_119' title='bbox 1641 2148 1701 2222; x_wconf 91' lang='lat' dir='ltr'>die</span> 
     </span>
     <span class='ocr_line' id='line_1_18' title="bbox 491 2248 1195 2350; baseline 0.004 -29"><span class='ocrx_word' id='word_1_120' title='bbox 491 2248 667 2322; x_wconf 91' lang='lat' dir='ltr'>ffebruarii</span> <span class='ocrx_word' id='word_1_121' title='bbox 694 2275 788 2324; x_wconf 90' lang='lat' dir='ltr'>anno</span> <span class='ocrx_word' id='word_1_122' title='bbox 813 2249 912 2350; x_wconf 84' lang='lat' dir='ltr'>regni</span> <span class='ocrx_word' id='word_1_123' title='bbox 939 2251 1048 2323; x_wconf 84' lang='lat' dir='ltr'>nostri</span> <span class='ocrx_word' id='word_1_124' title='bbox 1076 2249 1195 2324; x_wconf 88' lang='lat' dir='ltr'>tercio.</span> 
     </span>
    </p>
   </div>
   <div class='ocr_carea' id='block_1_3' title="bbox 567 2449 1123 2547">
    <p class='ocr_par' dir='ltr' id='par_1_5' title="bbox 567 2449 1123 2547">
     <span class='ocr_line' id='line_1_19' title="bbox 567 2449 1123 2547; baseline 0.005 -27"><span class='ocrx_word' id='word_1_125' title='bbox 567 2449 647 2545; x_wconf 83' lang='lat' dir='ltr'>[Per</span> <span class='ocrx_word' id='word_1_126' title='bbox 670 2452 771 2543; x_wconf 86' lang='lat' dir='ltr'>ipsum</span> <span class='ocrx_word' id='word_1_127' title='bbox 799 2473 915 2546; x_wconf 83' lang='lat' dir='ltr'>regem.</span> <span class='ocrx_word' id='word_1_128' title='bbox 971 2449 1123 2547; x_wconf 80' lang='lat' dir='ltr'>Wamn]</span> 
     </span>
    </p>
   </div>
   <div class='ocr_carea' id='block_1_4' title="bbox 0 0 1856 5254">
    <p class='ocr_par' dir='ltr' id='par_1_6' title="bbox 0 0 1856 5254">
     <span class='ocr_line' id='line_1_20' title="bbox 0 0 1856 5254; baseline 0 1"><span class='ocrx_word' id='word_1_129' title='bbox 0 0 1856 5254; x_wconf 95' lang='lat' dir='ltr'> </span> 
     </span>
    </p>
   </div>
  </div>
 </body>
</html>
