3748 5266
448 461 518 514 202
808 436 989 510 DOVER
1016 435 1294 511 CHARTERS

445 652 565 710 nostra
581 636 720 734 speciali
739 635 973 709 concessimus
997 634 1143 733 prefatis
1170 635 1301 737 Majori
1328 652 1364 710 et
1392 633 1653 713 Communitati

443 741 538 814 dicte
565 737 648 813 ville
675 753 795 812 nostre
822 737 986 810 Dovorre
1013 754 1049 810 et
1076 737 1336 811 successoribus
1364 739 1447 827 suis,
1471 737 1570 838 quod
1587 736 1652 833 ipsi

444 840 591 914 habeant
608 863 732 912 omnes
749 836 957 912 franchesias
975 838 1148 936 predictas
1164 840 1282 939 eisque
1298 840 1472 939 gaudeant
1488 855 1525 912 et
1552 853 1656 911 utan-

444 959 504 1014 tur
516 940 619 1040 juxta
637 940 722 1028 vim,
741 954 912 1027 tenorem,
926 955 961 1011 et
977 937 1143 1014 effectum
1160 941 1362 1030 earundem,
1381 942 1652 1038 imperpetuum,

444 1043 575 1141 absque
592 1041 883 1128 contradiccione,
907 1041 1173 1138 impedimento,
1192 1042 1265 1115 sive
1282 1041 1465 1117 obstaculo
1481 1064 1657 1140 quocum·

446 1168 514 1243 que
530 1167 540 1230 ;
558 1158 594 1214 et
610 1143 709 1242 quod
728 1143 793 1239 ipsi
812 1142 903 1214 inter
920 1157 956 1214 et
974 1167 1081 1241 super
1097 1167 1135 1215 se
1151 1141 1236 1216 tales
1255 1142 1658 1240 ordinacionespenales

447 1244 566 1345 quales
585 1243 650 1315 sibi
669 1268 734 1340 pro
751 1243 869 1316 debita
885 1242 1133 1318 observacione
1149 1259 1185 1316 et
1203 1245 1364 1318 custodia
1384 1242 1656 1317 franchesiarum

447 1344 695 1443 predictarum,
723 1369 762 1417 ac
790 1341 923 1416 factura
950 1345 1093 1418 navium
1121 1369 1190 1444 que
1225 1346 1385 1446 passagio
1419 1345 1581 1442 predicto
1609 1345 1656 1417 sic

448 1446 538 1519 fiunt
555 1463 591 1517 et
608 1445 693 1518 fient
711 1462 751 1518 ut
768 1445 890 1518 eedem
909 1470 1013 1517 naves
1030 1446 1075 1518 de
1094 1471 1213 1518 secura
1229 1443 1315 1519 forti
1332 1472 1372 1519 ac
1397 1445 1490 1519 bona
1515 1445 1657 1518 materia

448 1564 483 1620 et
512 1546 618 1635 fideli,
646 1561 718 1618 tam
746 1547 783 1618 in
810 1546 999 1619 moeremio
1025 1562 1061 1618 et
1089 1545 1184 1620 fideli
1213 1571 1329 1645 opere,
1360 1572 1468 1646 quam
1499 1547 1534 1620 in
1552 1570 1658 1643 opere

449 1647 564 1721 ferreo
590 1671 816 1746 quocumque
843 1672 882 1719 ac
912 1645 1078 1720 omnibus
1107 1646 1182 1719 aliis
1216 1648 1322 1720 rebus
1358 1648 1557 1722 necessariis
1591 1672 1658 1743 pro

448 1747 700 1824 fortificacione
732 1763 768 1820 et
804 1747 988 1821 securitate
1027 1748 1169 1822 navium
1207 1750 1442 1846 predictarum
1479 1748 1658 1823 videbitur

452 1850 641 1924 necessarie
657 1865 692 1921 ct
710 1864 894 1946 oportune,
914 1848 1007 1923 licite
1025 1848 1137 1922 facere
1158 1848 1306 1922 valeant.

528 1951 569 2022 ln
588 1949 691 2049 cujus
708 1949 757 2021 rei
776 1950 1020 2022 testimonium
1039 1951 1100 2022 has
1116 1950 1251 2024 litteras
1269 1967 1405 2024 nostras
1415 1951 1490 2024 fieri
1508 1948 1658 2023 fecimus

451 2066 621 2150 patentes.
1497 2121 1500 2127 .

527 2151 635 2224 Teste
652 2175 709 2222 me
726 2150 804 2247 ipso
820 2152 913 2247 apud
932 2151 1085 2252 Redyng
1101 2151 1239 2226 decimo
1265 2178 1361 2226 nono
1385 2153 1443 2228 die
1470 2151 1658 2242 ffebruarii,

451 2278 545 2326 anno
562 2251 662 2350 regni
681 2251 792 2323 nostri
809 2251 948 2324 decimo
968 2268 1104 2325 octavo.

533 2353 616 2452 [Per
631 2353 727 2424 breve
744 2353 784 2424 de
794 2356 933 2446 privato
950 2353 1269 2452 sigillo—Loutia]
