3616 5264
463 449 537 524 434
830 425 1307 502 oovERcHARTuRs

923 625 1210 707 cxxvu.

877 799 964 884 xxvj
992 797 1249 882 Maiiossuz„

462 953 676 1028 Novum
693 953 846 1028 universi
865 979 926 1054 per
939 971 1116 1052 presentes
1129 979 1205 1045 nos,
1223 955 1405 1028 Thomam
1425 954 1629 1052 Gooreley,
1646 972 1683 1026 et

461 1055 661 1150 Johnnnem
677 1055 885 1154 Spritwelle,
901 1055 946 1130 de
971 1055 1067 1128 Villa
1089 1071 1126 1128 et
1144 1055 1256 1130 Portu
1274 1057 1408 1144 Dover,
1427 1054 1464 1127 in
1483 1055 1682 1132 comitatu

465 1156 608 1245 Kancie,
626 1180 765 1254 yomen,
783 1155 894 1230 teneri
919 1171 956 1228 et
973 1155 1121 1230 firmiter
1138 1155 1210 1229 obli
1276 1157 1286 1228 i
1303 1155 1456 1251 johanni
1474 1156 1620 1229 Warde
1637 1156 1683 1229 de

462 1257 584 1330 eodem
609 1255 754 1330 villain
779 1255 902 1330 decem
926 1255 1026 1330 libris
1047 1255 1138 1332 bone
1156 1273 1194 1330 et
1232 1257 1341 1358 egolis
1366 1271 1508 1331 monete
1528 1256 1679 1357 Anglie,

462 1355 622 1432 solvend'
655 1356 770 1431 eidem
802 1355 956 1452 Johanni
985 1357 1130 1448 Warde,
1163 1372 1225 1431 aut
1253 1381 1319 1432 suo
1352 1373 1449 1431 certo
1478 1373 1676 1444 ottomato

462 1457 660 1548 heredibus,
675 1456 931 1546 executoribus,
955 1455 1011 1530 vel
1027 1459 1220 1558 assignatis,
1237 1457 1321 1547 soie,
1337 1459 1381 1532 od
1398 1483 1504 1558 quam
1522 1457 1678 1558 quidem

462 1557 678 1634 solucionem
712 1558 800 1631 bene
840 1573 877 1632 et
909 1557 1061 1634 fideliter
1104 1557 1252 1633 faciend‘
1286 1557 1485 1660 obligamus
1527 1584 1597 1631 nos
1640 1575 1678 1632 et

465 1676 657 1758 utrumque
674 1673 836 1734 nostrum
852 1682 916 1758 per
943 1683 981 1732 ee
1005 1675 1042 1733 et
1059 1683 1125 1759 pro
1142 1675 1223 1734 toto
1246 1675 1284 1734 et
1308 1659 1345 1732 in
1370 1658 1492 1733 solidis
1509 1658 1673 1748 heredes,

462 1774 675 1848 aetutem,
708 1774 746 1833 et
786 1759 979 1860 assignatos
1010 1776 1162 1850 nostroe,
1204 1759 1353 1835 firmiter
1389 1784 1450 1860 per
1478 1778 1677 1858 presentes,

464 1859 588 1962 sigillis
605 1859 734 1934 nostris
749 1857 920 1960 eigiliotis.

539 1961 676 2035 Dotum
688 1959 771 2061 xxvj
783 1959 842 2034 die
854 1959 946 2034 Maii
958 1985 1053 2034 anno
1065 1960 1165 2060 regni
1177 1959 1322 2035 domine
1338 1975 1457 2034 nostre
1467 1958 1676 2052 Eiiubeth,

463 2060 520 2135 dei
554 2059 671 2160 gracia
711 2059 856 2160 Anglie,
897 2059 1078 2150 ffnuncie
1118 2077 1155 2134 et
1197 2059 1375 2136 Hibernie
1408 2060 1545 2160 regine,
1590 2061 1677 2137 fidei

463 2159 669 2250 defensoris,
685 2176 766 2250 etc..
783 2177 895 2236 sexto.
946 2163 1058 2236 Anno
1079 2162 1187 2258 15⁶4·
