3728 5258
798 463 975 539 DOVER
1001 463 1278 539 CHARTERS

926 756 1161 839 XXXII.

859 957 1171 1042 iiilMaimRic.
1195 959 1241 1028 11.

442 1140 648 1214 chnunus
675 1139 731 1215 dei
759 1139 875 1238 gracia
902 1139 981 1212 Rex
1004 1138 1136 1239 Anglie
1162 1155 1198 1213 et
1226 1137 1379 1230 ffrancie,
1406 1156 1442 1214 et
1469 1141 1647 1214 Dominus

440 1239 644 1416 gla'ibernin
669 1240 835 1315 omnibus
851 1239 895 1316 ed
913 1265 1005 1342 quos
1022 1256 1202 1340 presentes
1220 1240 1336 1315 littere
1361 1242 1647 1342 pervenerint,-

496 1358 605 1417 utem.

517 1443 666 1518 Constat
696 1442 797 1518 nobis
826 1467 888 1542 per
917 1440 1174 1540 inspectionem
1204 1441 1407 1516 rotulorum
1437 1441 1650 1520 Cunccllsrie

442 1543 578 1618 domini
596 1544 655 1635 E.‚
673 1568 786 1642 nuper
802 1543 912 1643 Regis
926 1543 1070 1644 Anglie,
1089 1543 1146 1618 avi
1164 1541 1287 1633 nostri,
1308 1545 1406 1644 quod
1432 1543 1470 1619 in
1494 1545 1648 1644 quadarn

443 1644 669 1719 ordinacione
685 1671 748 1745 per
765 1644 881 1743 ipsum
898 1669 1004 1718 avum
1022 1659 1183 1718 nostrum
1200 1646 1245 1720 de
1261 1669 1402 1718 assensu
1427 1644 1646 1719 Prelatorum

443 1745 627 1820 Comitum
651 1761 689 1820 et
721 1745 898 1820 Beronum
924 1743 1025 1844 regni
1049 1745 1104 1817 sui
1130 1745 1167 1817 in
1194 1744 1430 1821 Parliamento
1456 1770 1520 1819 suo
1552 1746 1648 1846 apud

444 1845 555 1920 Ebor’
594 1847 631 1920 in
667 1845 820 1920 crastino
856 1845 1085 1920 Ascensionis
1122 1845 1271 1919 Domini
1314 1871 1408 1920 anno
1449 1847 1549 1947 regni
1591 1847 1647 1920 sui

444 1972 540 2020 nono
566 1963 668 2022 tento
693 1961 969 2021 convocatorum
996 1971 1062 2045 pro
1088 1945 1241 2020 utilitate
1267 1946 1378 2046 ipsius
1403 1947 1459 2022 avi
1484 1947 1596 2023 nostri
1612 1964 1649 2021 et

344 2077 350 2095 =
442 2045 667 2122 subditorum
684 2071 831 2123 suorum
848 2044 940 2121 facts
955 2062 992 2120 et
1017 2044 1171 2121 stabilita
1194 2048 1397 2123 continetur
1420 2047 1513 2123 inter
1538 2064 1650 2124 cetera

443 2148 612 2222 articulus
629 2145 881 2247 infrascriptus,
900 2147 1115 2222 videlicet-

519 2251 569 2323 Et
583 2273 641 2348 que
657 2250 858 2346 nulpeleryn
866 2269 965 2345 passe
980 2249 1053 2322 hors
1069 2250 1111 2322 de·
1128 2265 1231 2323 nosne
1244 2249 1376 2324 mialme
1388 2274 1463 2324 vers
1475 2251 1519 2324 les
1523 2252 1650 2346 parties

445 2351 485 2423 de
501 2350 573 2423 dela
581 2350 715 2449 forsque
730 2378 752 2425 a
770 2350 923 2424 Dovorre
939 2373 1011 2424 sous
1019 2353 1118 2446 peine
1133 2350 1174 2422 de
1190 2353 1445 2447 imprisonement
1458 2351 1526 2426 dun
1542 2374 1598 2425 an.

520 2451 600 2525 Nos
616 2467 735 2525 autern
750 2449 940 2524 artictdurn
957 2450 1156 2550 predictum
1173 2451 1218 2524 ad
1234 2451 1505 2551 requisicionem
1530 2451 1650 2526 dilecti

443 2550 613 2646 Johannis
652 2551 773 2644 Helle,
811 2550 963 2652 Majoris
1000 2551 1157 2650 predicte
1195 2551 1279 2625 ville
1316 2554 1493 2642 Dorsone,
1528 2569 1650 2627 tenore

444 2652 662 2750 presencium
715 2651 885 2726 duximus
933 2651 1264 2750 exemplificsndum
1314 2669 1351 2727 et
1400 2652 1565 2728 voluntes
1614 2670 1650 2727 et

443 2753 674 2828 concedentes
707 2752 807 2855 quod
839 2752 1021 2828 ordinacio
1061 2753 1220 2851 predicta
1261 2777 1334 2852 quo
1375 2754 1420 2828 ad
1461 2753 1649 2828 articulum

444 2853 643 2952 predictum
661 2879 741 2927 cum
757 2855 802 2928 ad
819 2878 1044 2928 communem
1061 2855 1183 2928 tendat
1199 2852 1388 2928 utilitatem
1413 2853 1513 2955 regni
1539 2855 1650 2928 nostri

444 2953 694 3029 inviolabiliter
712 2970 871 3028 teneatur
886 2971 924 3028 et
939 2954 1087 3028 firmiter
1102 2955 1319 3032 observetiu.

520 3054 562 3127 In
581 3055 679 3156 cujus
695 3054 744 3129 rei
761 3055 1005 3130 testimonium
1022 3055 1084 3128 has
1100 3055 1234 3130 litteras
1250 3071 1386 3131 nostras
1408 3056 1483 3131 fieri
1500 3055 1650 3131 fecimus

469 3172 612 3232 arentes

444 3181 468 3254 p
520 3257 630 3331 Teste
655 3282 712 3329 me
739 3256 817 3355 ipso
842 3257 937 3355 apud
961 3256 1319 3331 westmonasterium
1336 3274 1466 3358 quarto
1482 3258 1540 3332 die
1559 3257 1648 3332 Maii

412 3455 413 3460 ἵ
445 3383 539 3431 anno
554 3357 655 3457 regni
673 3357 783 3431 nostri
801 3373 939 3458 quarto.
