3748 5266
446 477 518 528 200
804 451 986 525 DOVER
1011 449 1290 525 CHARTERS

444 674 572 722 novam
596 650 890 748 composicionem
917 650 1094 721 intereos
1119 647 1383 748 contingentem
1409 645 1557 721 faciend’
1583 647 1652 719 im-

443 751 649 848 pediretur;
679 769 715 825 et
740 751 839 851 quod
866 749 984 823 nullus
1009 766 1182 823 mercator
1207 775 1288 847 pere
1333 751 1412 822 inus
1436 774 1549 850 equus
1577 749 1650 821 sive

443 853 569 924 animal
586 867 685 925 extra
701 852 853 952 aliquem
870 866 995 949 portus
1013 852 1049 922 in
1067 850 1248 924 Comitatu
1267 775 1396 922 lgncie
1414 875 1525 950 usque
1551 849 1651 922 Cales

443 953 553 1026 exiret
571 969 687 1051 preter
704 955 896 1040 Dovorra;
921 968 958 1025 et
972 953 1004 1024 si
1018 975 1199 1048 possessor
1212 951 1358 1024 alicu‘us
1375 952 1472 1024 navis
1490 976 1556 1048 pro
1573 975 1651 1048 pas-

445 1054 542 1153 sagio
571 1055 737 1128 Dovorre
765 1053 925 1126 ordinate
956 1077 1081 1126 navem
1111 1051 1218 1140 illam,
1249 976 1312 1126 vel
1333 1053 1486 1152 aliquam
1515 1068 1650 1150 partem

443 1155 614 1255 ejusdem,
632 1155 734 1228 alicui
751 1153 807 1226 alii
826 1156 862 1226 in
880 1153 949 1226 alio
965 1152 1045 1226 loco
1061 1153 1229 1226 habitanti
1238 1177 1350 1326 quam
1363 1153 1479 1227 eidem
1493 1152 1652 1250 passagio

445 1258 614 1354 spectanti
649 1271 685 1328 et
712 1255 907 1329 intendenti
940 1256 1106 1328 venderet
1137 1255 1210 1329 sive
1273 1255 1408 1340 ienarit,
1439 1254 1537 1353 quod
1567 1270 1651 1326 tunc

445 1358 542 1430 navis
561 1357 619 1430 illa
635 1372 733 1430 extra
749 1357 944 1455 passagium
961 1354 1049 1429 illud
1076 1379 1141 1452 pro
1166 1370 1337 1452 perpetuo
1362 1353 1453 1426 foret
1479 1355 1648 1452 expulca:

444 1483 531 1558 quas
548 1457 693 1557 quidem
710 1456 886 1530 libertates
902 1473 938 1529 et
955 1455 1164 1530 franchesias
1187 1457 1232 1530 ad
1255 1481 1397 1554 presens
1410 1457 1515 1528 variis
1528 1455 1653 1528 mediis

445 1560 641 1656 interrupte
658 1574 742 1632 sunt
759 1575 794 1631 et
813 1556 999 1646 subtraere,
1017 1558 1052 1630 in
1070 1557 1228 1657 ejusdem
1249 1557 1332 1630 ville
1350 1573 1470 1630 nostre
1487 1559 1652 1631 Dovorrc

444 1675 480 1732 et
498 1659 770 1732 inhabitancium
793 1659 963 1759 ejusdem,
983 1683 1023 1730 ac
1048 1659 1083 1730 in
1110 1658 1248 1755 speciali
1276 1658 1478 1731 Custodum
1566 1658 1651 1756 sagii

444 1760 588 1846 ibidem,
635 1760 946 1833 deteriorationem
989 1774 1023 1832 et
1068 1758 1343 1832 diminucionem
1386 1759 1491 1832 multi
1508 1782 1648 1831 ormes:

444 1863 563 1961 sicque
588 1860 670 1933 villa
695 1860 764 1949 illa,
791 1874 862 1933 tam
887 1885 930 1932 ex
957 1858 1069 1932 causis
1086 1859 1263 1957 predictis,
1307 1885 1388 1932 uam
1410 1885 1475 1957 pro
1492 1859 1651 1958 eoquod

445 1961 658 2034 inhabitores
693 1961 851 2062 ejusdem
887 1986 952 2058 pro
987 1961 1112 2061 majori
1148 1976 1246 2058 parte
1280 1987 1300 2032 a
1361 1961 1482 2034 eadem
1513 1960 1653 2058 penitus

445 2080 728 2150 recesserunt,ac
749 2061 916 2136 medietas
940 2061 1099 2163 ejusdcm
1124 2061 1207 2134 ville
1232 2062 1330 2161 quasi
1356 2087 1465 2135 vacua
1489 2078 1525 2134 et
1550 2061 1653 2134 deso-

444 2163 513 2236 lata
537 2163 688 2250 exstitit,
714 2162 981 2262 mansionesque
1005 2161 1163 2263 ejusdem
1190 2163 1227 2234 in
1247 2163 1384 2234 ruinam
1411 2162 1652 2259 multipliciter

444 2265 675 2352 devenerunt,
698 2263 743 2337 de
769 2264 949 2336 verisimili
969 2261 1118 2337 finaliter
1134 2263 1372 2351 destruentur,
1390 2262 1651 2362 habitantesque

444 2365 482 2438 in
498 2367 620 2439 eadem
638 2389 714 2438 earn
733 2364 920 2436 necessarie
938 2362 1136 2463 relinquere
1153 2363 1344 2461 oportebit,
1367 2380 1407 2437 ut
1423 2364 1565 2453 dicitur,
1584 2363 1650 2436 nisi

445 2465 510 2538 sibi
540 2468 586 2540 de
616 2465 773 2538 remedio
802 2466 839 2536 in
870 2465 932 2536 hac
962 2481 1059 2562 parte
1088 2488 1249 2564 congruo
1274 2465 1383 2537 cicius
1400 2464 1649 2562 provideatur:

446 2567 540 2640 unde
557 2565 659 2640 nobis
677 2565 917 2663 supplicarunt
935 2565 1055 2667 Major
1071 2580 1107 2637 ct
1126 2564 1372 2639 communitas
1396 2565 1585 2664 supradicti
1611 2581 1651 2638 ut

445 2666 622 2768 quandem
653 2681 892 2764 paupertatem
922 2681 958 2738 et
989 2667 1143 2764 inopiam
1173 2666 1266 2738 dicte
1299 2665 1382 2739 ville
1419 2669 1584 2740 Dovorre
1613 2691 1651 2739 ac

447 2767 683 2841 habitantium
699 2767 857 2868 ejusdem
875 2766 1094 2840 considerare
1116 2766 1277 2855 velimus,
1302 2792 1342 2839 ac
1367 2793 1433 2865 pro
1459 2769 1652 2840 salvacione

446 2868 656 2944 relevamine
697 2868 891 2941 eorundem
931 2867 1177 2965 benignissime
1215 2867 1402 2965 providere
1438 2885 1474 2942 et
1510 2866 1653 2966 prefatis

448 2971 579 3044 Ma’ori
605 2985 641 3043 ct
668 2969 922 3046 Communitati
948 2969 1045 3069 quod
1071 2969 1137 3066 ipsi
1163 2983 1199 3040 et
1224 2993 1439 3042 successores
1464 2971 1517 3043 sui
1546 2968 1653 3041 liber-

447 2996 577 3144 tatibus
601 3086 638 3144 et
665 3068 868 3144 franchesiis
893 3070 1058 3168 predictis
1083 3068 1212 3168 absque
1238 3070 1518 3144 contradiccione
1543 3071 1653 3143 inter-

446 3174 615 3270 rupcionc
655 3172 728 3247 sive
769 3171 1023 3268 impedimento
1062 3195 1289 3268 quocumque
1329 3172 1381 3244 uti
1421 3188 1457 3244 et
1486 3170 1651 3269 gaudere,

447 3274 583 3373 ipsique
617 3274 708 3346 inter
741 3288 778 3345 et
812 3296 917 3368 super
951 3272 1084 3368 seipsos
1118 3271 1206 3343 tales
1239 3270 1482 3345 ordinaciones
1515 3271 1653 3369 penales

447 3373 567 3475 quales
594 3373 658 3446 sibi
687 3397 752 3470 pro
779 3371 897 3445 debita
922 3371 1189 3444 conservacione
1215 3388 1251 3445 et
1278 3373 1436 3446 custodia
1462 3372 1651 3446 earundem

447 3473 649 3546 libertatum
669 3487 705 3545 et
728 3471 1000 3546 franchesiarum
1029 3471 1243 3570 [videbi]tur
1272 3475 1459 3546 necessarie
1483 3490 1520 3546 et
1545 3498 1654 3571 opur-

447 3591 545 3662 tune,
583 3599 622 3647 ac
659 3598 726 3670 pro
763 3570 897 3647 factura
933 3589 969 3644 et
1007 3575 1251 3648 construcione
1290 3575 1444 3666 navium,
1483 3599 1553 3674 que
1587 3599 1653 3671 pro

448 3675 605 3774 passagio
621 3673 781 3772 predicto
797 3674 845 3746 sic
863 3673 954 3746 fiunt
971 3688 1007 3744 et
1025 3673 1120 3762 fient,
1139 3691 1179 3746 ut
1197 3699 1302 3750 naves
1319 3673 1376 3746 illc
1397 3673 1518 3748 fideles
1542 3673 1653 3748 fortes

448 3793 483 3848 et
501 3799 631 3863 secure,
648 3800 687 3847 ac
704 3774 748 3848 de
765 3774 857 3848 bona
873 3775 1016 3846 materia
1036 3791 1108 3848 tam
1126 3775 1163 3846 in
1182 3777 1369 3848 maercmio
1385 3801 1423 3850 ac
1441 3774 1536 3849 bono
1548 3800 1653 3872 opere

448 3893 484 3950 et
501 3875 596 3950 fideli
614 3899 721 3975 quam
738 3875 776 3948 in
792 3900 897 3973 opere
914 3873 1029 3948 ferreo
1054 3891 1090 3948 et
1115 3874 1282 3950 omnibus
1307 3875 1382 3949 aliis
1406 3876 1655 3950 rebusneccs-

448 3978 544 4050 sariis
569 4001 635 4074 pro
660 3977 843 4048 securitate
867 3993 904 4048 et
928 3974 1178 4050 fortificatione
1199 3977 1363 4075 navi[um
1384 3977 1544 4077 illorum]
1564 3975 1653 4051 facte

447 4094 482 4151 et
500 4076 663 4150 fabricate
680 4077 828 4149 existant
845 4077 938 4150 licite
966 4075 1078 4150 facere
1103 4079 1250 4150 valeant.
1303 4078 1394 4168 Nos,
1419 4080 1464 4153 ad
1489 4080 1655 4176 premissa

448 4179 764 4252 consideracionem
781 4177 956 4268 habentes,
974 4203 1014 4250 ac
1032 4203 1097 4275 pro
1114 4178 1383 4252 conservacione
1398 4196 1434 4252 et
1460 4180 1654 4254 salvacione

447 4281 541 4355 dicte
567 4278 649 4352 ville
675 4293 794 4354 nostre
815 4278 1006 4386 providere
1032 4278 1200 4368 volentes,
1228 4295 1268 4353 ut
1289 4296 1461 4370 tenemur,
1479 4280 1523 4353 de
1540 4280 1655 4382 gracia
