3702 5254
463 471 536 544 330
818 445 999 520 DOVER
1025 446 1304 520 CHARTERS

953 647 1045 729 XC
1055 649 1128 730 VI
1143 649 1175 728 l.

783 841 864 888 xxx
887 821 1021 902 ueras,
1055 836 1094 903 η
1123 822 1215 890 nen.
1238 823 1340 890 vnr.

458 978 672 1052 Novantur
701 977 856 1052 universi
887 1003 950 1079 per
985 995 1164 1078 presentes
1202 1003 1257 1052 me
1296 979 1479 1080 Rogerum
1510 980 1665 1070 Winter,

458 1079 623 1153 clericum
660 1096 697 1152 et
735 1078 969 1178 presbiterum
1004 1081 1194 1154 secularem
1226 1083 1272 1154 de
1305 1079 1422 1154 altaris
1459 1081 1666 1155 Sanctorum

457 1181 635 1255 Anthonii
665 1197 701 1256 et
730 1181 890 1270 Barbare,
919 1183 955 1253 in
982 1181 1124 1256 ecclesia
1149 1181 1347 1254 beatissime
1372 1181 1531 1281 Virginis
1549 1183 1665 1256 Marie

458 1279 550 1356 infra
583 1283 704 1356 villam
737 1282 884 1372 Calesie,
919 1282 1163 1381 capellanum:
1208 1282 1366 1356 unanimi
1409 1308 1452 1355 ex
1492 1309 1664 1356 consensu

458 1384 580 1456 matris
597 1407 672 1457 mee
689 1398 725 1456 et
742 1383 811 1456 mei
828 1384 1017 1483 assignasse
1034 1381 1156 1457 fecisse
1173 1384 1357 1482 deputasse
1375 1385 1526 1482 locoque
1544 1402 1664 1459 nostro

458 1485 613 1583 posuisse
640 1500 676 1557 et
703 1485 925 1558 constituisse
951 1484 1100 1558 dilectos
1127 1482 1228 1558 nobis
1254 1487 1290 1557 in
1308 1485 1429 1559 Cristo
1446 1485 1663 1558 Nicholaum

458 1584 609 1678 Cockes,
636 1603 672 1659 et
701 1585 921 1658 ffranciscum
951 1586 1054 1673 Stele,
1081 1587 1125 1660 de
1157 1584 1240 1657 villa
1271 1587 1434 1658 Dovorre
1469 1587 1662 1685 indigenas,

457 1711 496 1760 ac
527 1705 639 1760 unum
667 1709 819 1786 uemque
848 1711 984 1774 eorum,
1015 1686 1230 1787 conjunctim
1260 1703 1296 1759 et
1331 1685 1485 1776 divisim,
1524 1705 1664 1761 nostros

459 1813 560 1862 veros
589 1805 625 1862 et
641 1713 831 1888 legitimos
858 1788 897 1874 in
927 1789 991 1862 hac
1021 1804 1120 1885 parte
1149 1803 1356 1876 attornatos,
1374 1788 1664 1888 indubitatosque

457 1905 701 1987 procuratores
725 1905 760 1961 et
786 1888 935 1961 factores
959 1889 1002 1962 ad
1028 1889 1199 2005 exigend',
1228 1888 1378 1976 levand',
1405 1889 1606 1986 recipiend',
1626 1907 1662 1962 et

457 1990 682 2088 recuperand’
722 2012 788 2086 pro
823 1988 936 2078 nobis,
967 1987 1169 2062 nominibus
1197 2014 1342 2088 quoque
1372 1991 1513 2078 nostris,
1544 1993 1663 2064 omnia

456 2091 548 2164 bona
576 2088 719 2163 mobilia
745 2089 866 2162 catalla
893 2116 932 2163 ac
958 2090 1076 2163 debita
1101 2089 1248 2163 domino
1263 2088 1416 2183 Johanni
1437 2091 1562 2180 Recbt,
1580 2092 1662 2165 alias

458 2191 610 2279 Fissber,
629 2189 835 2289 presbitero,
865 2191 953 2264 dum
984 2191 1084 2281 vixit,
1114 2191 1306 2289 spectantia
1335 2193 1408 2264 sive
1438 2193 1660 2290 pertinentia,

455 2309 491 2365 et
506 2291 617 2379 nobis,
632 2292 766 2364 ratione
780 2289 898 2363 obitus
909 2291 1055 2391 ejusque
1065 2317 1108 2364 ex
1118 2293 1185 2365 hoc
1195 2290 1314 2365 seculo
1329 2294 1660 2392 transmigrationis,

456 2394 627 2482 descensa,
646 2392 690 2466 ab
710 2392 876 2465 omnibus
894 2409 932 2465 et
952 2393 1101 2492 singulis
1118 2393 1276 2493 personis
1292 2419 1332 2466 ea
1345 2391 1566 2483 habentibus,
1584 2412 1659 2467 ten-

455 2493 609 2584 entibus,
616 2510 652 2567 et
663 2492 942 2567 custodientibus
953 2519 991 2568 ac
1002 2493 1223 2568 debentibus:
1239 2495 1420 2568 Danteset
1431 2497 1660 2568 concedentes

454 2594 623 2692 predictis
639 2595 825 2668 attornatis
843 2594 973 2668 nostris
990 2595 1128 2692 plenam
1151 2611 1187 2668 et
1213 2595 1444 2668 sufficientem
1470 2597 1660 2670 auctorita-

455 2713 527 2768 tem
558 2712 767 2794 potestatem
797 2712 833 2769 et
863 2696 1068 2769 mandatum
1098 2696 1257 2794 speciale,
1287 2697 1423 2769 ratione
1452 2713 1488 2769 et
1517 2697 1659 2771 defectu

453 2796 727 2888 deliberationis,
746 2797 979 2871 restitutionis
1007 2796 1183 2870 bonorum
1200 2823 1239 2870 ac
1257 2821 1329 2868 non
1346 2798 1536 2870 solucionis
1552 2800 1660 2872 dena-

453 2898 590 2971 riorum
624 2923 688 2996 per
720 2921 980 2997 quamcumque
1022 2923 1207 2996 personam
1248 2923 1310 2970 seu
1353 2923 1517 2996 personas
1562 2899 1660 2973 dicto

453 2998 603 3073 domino
614 2999 766 3094 Johanni
780 3000 869 3073 dum
880 2998 970 3072 vixit
981 2998 1187 3072 debitorum
1199 3014 1236 3073 et
1248 3001 1560 3098 appertinentium,
1572 3017 1608 3073 et
1621 3027 1660 3074 ea

452 3102 637 3174 restituere
662 3101 764 3174 dictis
789 3100 972 3172 attornatis
997 3100 1246 3198 impugnantes
1279 3117 1315 3173 et
1350 3101 1657 3175 contradicentes:

452 3226 574 3275 omnes
590 3201 796 3302 hujusmodi
813 3217 936 3300 gentes
961 3202 990 3273 si
1016 3213 1152 3273 necesse
1180 3199 1287 3273 fuerit
1312 3201 1471 3274 arrestari
1497 3200 1658 3290 faciend’,

452 3302 697 3391 incarcerand',
710 3319 746 3375 et
763 3318 861 3374 extra
878 3325 1048 3374 carcerem
1065 3301 1279 3376 deliberand'
1296 3318 1402 3400 atque
1418 3302 1659 3400 implacitand’

451 3419 487 3476 et
505 3402 737 3502 prosequend'
756 3401 880 3504 placita
897 3419 932 3475 et
958 3403 1221 3500 prosecutiones
1247 3427 1368 3476 versus
1395 3428 1465 3493 eos,
1484 3420 1520 3476 et
1536 3429 1659 3477 omnes

452 3530 492 3577 ac
518 3527 809 3603 unumquemque
834 3527 900 3600 pro
925 3501 1026 3575 nobis
1046 3505 1248 3577 nominibus
1265 3503 1395 3576 nostris
1411 3505 1605 3580 sustinend'
1622 3523 1658 3579 et

451 3604 681 3691 sustentand’,
699 3604 736 3676 in
754 3602 1035 3703 quibuscumque
1052 3603 1158 3678 curiis
1174 3621 1209 3677 et
1232 3629 1347 3677 coram
1375 3605 1664 3705 quibuscumque·

450 3703 636 3799 Judicibus
661 3722 696 3777 et
721 3703 930 3799 Justiciariis
954 3730 1112 3804 quorum
1128 3706 1284 3795 interest,
1304 3706 1393 3779 adeo
1418 3707 1550 3805 precise
1566 3708 1658 3781 sicut

452 3808 508 3878 lex
525 3805 634 3904 exigit
651 3822 687 3877 et
704 3804 852 3904 requirit
869 3834 877 3878 t
904 3822 940 3880 et
957 3808 1001 3880 de
1018 3807 1166 3904 receptis
1184 3806 1389 3907 hujusmodi
1416 3807 1451 3880 in
1478 3807 1544 3881 hac
1559 3825 1659 3908 parte

451 3905 694 4005 acquietanciis
724 3931 790 4005 pro
820 3907 920 3980 nobis
949 3923 985 3979 et
1015 3906 1217 3980 nominibus
1247 3908 1376 3981 nostris
1409 3911 1657 4006 componend’,

451 4007 625 4108 sigilland'
643 4025 678 4080 et
695 4008 932 4081 deliberand':
960 4007 1163 4107 Omniaque
1192 4006 1258 4081 alia
1287 4026 1322 4081 et
1351 4009 1490 4107 singula
1519 4036 1590 4108 que
1621 4013 1655 4083 in

452 4105 628 4208 premissis
647 4123 683 4180 et
708 4109 799 4180 circa
822 4134 862 4182 ea
889 4109 1075 4182 necessaria
1100 4128 1161 4181 seu
1178 4110 1362 4208 quomodo
1380 4109 1464 4182 libet
1482 4127 1658 4208 oportuna

452 4234 518 4309 pro
529 4210 628 4282 nobis
639 4226 675 4282 et
686 4208 889 4282 nominibus
901 4209 1061 4307 [nostris]
1072 4208 1233 4299 faciend',
1243 4212 1438 4299 exercend',
1449 4212 1657 4310 exequend’,

450 4327 487 4386 et
503 4309 724 4410 expediend’,
741 4310 829 4383 adeo
846 4310 946 4408 plene
963 4327 998 4382 et
1016 4311 1152 4413 integre
1177 4329 1286 4411 prout
1312 4337 1377 4386 nos
1402 4313 1656 4388 constituentes
