3702 5254
464 468 537 542 350
823 443 1004 518 novun
1030 441 1307 517 cunarum
1359 533 1360 540 Ν

459 661 552 718 terre
569 670 651 718 cum
666 643 892 741 pertinenciis
908 641 1048 742 prefato
1058 643 1257 717 Edmundo
1275 643 1406 740 Mody,
1425 643 1614 717 heredibus
1630 661 1667 716 et

458 745 641 844 assignatis
683 745 769 832 suis,
792 761 922 818 contra
958 768 1082 818 omnes
1122 761 1246 844 gentes
1288 744 1594 818 warantizabimus
1629 761 1667 817 et

460 848 720 944 imperpetuum
743 801 974 920 defendemus
995 871 1057 944 per
1073 860 1265 945 presentes.

535 949 576 1020 ln
594 947 694 1048 cujus
717 947 766 1021 rei
790 947 1034 1022 testimonium
1054 946 1113 1018 uni
1137 947 1229 1045 parti
1253 945 1360 1046 hujus
1382 945 1553 1044 presentis
1572 963 1666 1020 carte

459 1049 639 1122 indentate
681 1073 788 1146 penes
822 1047 998 1146 prefatum
1033 1046 1269 1122 Edmundum
1306 1046 1424 1144 Mody
1457 1048 1666 1138 remanenti,

458 1175 646 1223 commune
671 1149 826 1248 sigillum
861 1149 943 1222 ville
973 1164 1009 1221 et
1043 1164 1168 1246 portus
1201 1147 1349 1263 predicti
1376 1165 1430 1221 est
1462 1174 1666 1246 appensum,

458 1251 557 1326 alteri
584 1276 669 1324 vero
694 1251 785 1350 parti
804 1275 909 1349 penes
934 1275 998 1323 nos
1023 1247 1177 1347 prefatos
1205 1247 1396 1347 Majorem,
1417 1249 1606 1339 Custodes,
1629 1267 1664 1322 et

457 1377 671 1426 successores
705 1351 910 1440 remanenti,
941 1348 1097 1449 prefatus
1122 1350 1340 1423 Edmundus
1364 1349 1483 1447 Mody
1505 1349 1663 1450 sigillum

456 1479 562 1527 suum
589 1451 762 1551 apposuit.

533 1557 626 1628 Data
653 1553 763 1627 tercio
788 1553 846 1626 die
871 1550 1088 1626 Novembris
1112 1575 1207 1624 anno
1231 1550 1331 1650 regni
1358 1549 1494 1625 domini
1514 1551 1663 1626 chrici

458 1653 574 1730 octavi
604 1654 662 1729 dei
692 1653 807 1770 gracia
829 1653 972 1752 Anglie,
1002 1652 1157 1742 Francie,
1184 1667 1220 1726 et
1250 1651 1532 1725 HibernieRc
1478 1679 1563 1740 c,1s
1582 1653 1662 1726 fidei

456 1755 660 1846 defensoris,
695 1771 731 1827 et
769 1754 806 1827 in
842 1771 935 1828 terra
967 1753 1122 1827 Ecclesie
1160 1753 1357 1852 Anglicane
1394 1769 1430 1825 ct
1514 1755 1664 1828 ibernice

457 1857 617 1957 Supremi
635 1855 769 1954 capitis,
787 1856 964 1930 tricesimo
980 1854 1117 1954 quint0.

535 1961 574 2032 In
591 1959 708 2030 dorso:
726 1957 831 2030 Modo
850 1955 991 2030 rumas
1008 1957 1134 2046 Raude,
1153 1957 1240 2028 modo
1261 1957 1418 2054 Georgius
1440 1955 1538 2030 West.
