3616 5264
404 443 480 516 414
761 416 939 493 DOVER
964 414 1241 492 CHARTERS

896 715 1127 799 cxxtl.

748 891 999 976 &Augusti
1020 889 1267 974 annonilia

404 1046 495 1122 Hsc
512 1047 700 1122 indenturs
719 1061 867 1121 testatur
883 1044 982 1146 quod
999 1044 1205 1119 Willelmus
1230 1043 1470 1146 Hanyngton,
1490 1047 1620 1146 Major

402 1149 487 1222 ville
511 1165 548 1224 et
564 1165 690 1248 portus
707 1149 847 1236 Dovor,
865 1147 902 1220 in
927 1145 1099 1222 comitatu
1117 1145 1262 1237 Kencie,
1279 1146 1440 1220 Thomas
1456 1147 1618 1236 Psinter,

402 1250 580 1345 johannes
598 1249 789 1348 Hobdaye,
807 1247 985 1322 Robertus
1010 1245 1176 1337 Niclnsm,
1192 1264 1229 1321 ct
1251 1245 1468 1321 cristoforus
1483 1246 1617 1336 Eliott,

402 1349 579 1426 Custodes
612 1349 705 1426 dicte
738 1349 834 1438 ville,
864 1348 1022 1422 unanimi
1055 1371 1196 1422 assensu
1224 1363 1261 1422 et
1294 1373 1468 1424 consensu
1500 1350 1618 1423 totius

403 1450 680 1527 Communitatis
712 1449 870 1552 ejusdem
911 1447 996 1523 ville
1030 1447 1253 1522 tradiderunt
1295 1465 1544 1524 conoesserunt
1577 1465 1617 1524 et

401 1552 447 1627 ad
473 1550 571 1627 feodi
604 1550 742 1625 firmam
770 1548 981 1624 dimiserunt
1005 1547 1159 1643 johanni
1189 1549 1353 1649 Boorlyc,
1383 1550 1430 1625 dc
1456 1551 1543 1626 villa
1575 1566 1615 1623 et

403 1669 510 1752 portu
528 1653 658 1726 Dovor
672 1650 841 1750 predicte,
857 1673 1040 1752 generoso,
1056 1673 1163 1724 unam
1182 1675 1329 1725 vacuam
1346 1651 1500 1750 plaoeem
1516 1665 1615 1724 terre

402 1777 485 1828 cum
511 1751 675 1827 omnibus
700 1751 774 1825 suis
798 1751 1034 1851 putinenciis,
1059 1750 1299 1826 continentem
1324 1751 1362 1825 in
1386 1751 1614 1852 longitudine

401 1854 636 1956 quadraginta
657 1869 813 1954 quatuor
835 1851 954 1951 pedes,
970 1867 1008 1926 et
1024 1851 1061 1924 in
1080 1851 1268 1926 latitudine
1293 1876 1405 1969 usque
1420 1853 1465 1927 ad
1484 1851 1613 1927 slltum

402 1980 509 2130 1reponte,
520 1953 750 2129 jacentefficpt
769 1953 979 2128 enisttentem
1000 1949 1092 2126 ppnfmre
1107 1951 1311 2128 Efficit
1327 1953 1413 2027 ville
1429 1969 1480 2127 etll
1482 1969 1612 2053 portus

463 2081 563 2132 vone
621 2079 658 2128 re
732 2079 763 2144 e,
794 2078 887 2126 rner
938 2077 1006 2126 usn
1311 2079 1388 2128 erre
1416 2079 1500 2127 vre

400 2155 506 2246 dicte,
523 2181 561 2230 ιιι
610 2181 634 2228 o
658 2155 695 2228 io
721 2079 955 2254 occupeciolle
980 2078 1140 2226 Robertl)
1155 2151 1311 2253 Hcdley,
1335 2178 1459 2229 versus
1483 2078 1613 2228 soilli:

401 2272 486 2346 east,
518 2256 664 2356 Regiam
691 2271 835 2330 stratam
871 2277 993 2328 versus
1026 2252 1249 2343 northweast,
1281 2279 1320 2327 ac
1353 2254 1479 2330 alltum
1512 2277 1612 2329 mare

402 2383 523 2431 versus
555 2357 763 2432 southeast:
807 2353 958 2430 habend'
987 2369 1024 2428 et
1058 2355 1200 2428 tenend’
1233 2353 1428 2470 predictam
1460 2378 1611 2430 wcuam

426 2458 555 2532 lateam
571 2473 663 2531 terre
680 2481 762 2530 cum
778 2454 943 2530 omnibus
962 2452 1036 2527 suis
1051 2453 1275 2554 pertinenciis
1315 2453 1431 2530 refuto
1454 2455 1610 2550 johanni

494 2559 562 2656 ley,
574 2556 762 2632 heredibus
774 2571 811 2629 et
827 2554 1011 2656 assignatis
1026 2554 1110 2648 suis,
1127 2553 1250 2630 afesto
1267 2480 1475 2631 llltivitatis
1491 2557 1609 2631 Sancti

399 2659 571 2753 Johannis
587 2657 744 2758 Baptiste
768 2655 898 2730 ultimo
922 2655 1093 2754 preterito
1114 2671 1195 2730 ante
1216 2656 1300 2730 data
1318 2658 1545 2756 presentium,
1563 2658 1611 2732 de

402 2784 495 2834 anno
511 2759 549 2833 in
569 2782 701 2834 annum
716 2782 791 2832 uno
806 2773 887 2856 post
912 2753 1023 2844 allius,
1040 2755 1214 2856 usquead
1231 2755 1338 2830 finem
1360 2775 1397 2833 et
1414 2756 1610 2832 terminum

402 2859 595 2962 nonaginta
620 2882 749 2933 novem
771 2881 945 2988 annorum
961 2869 1091 2985 extunc
1116 2857 1359 2973 proximorum
1383 2857 1610 2959 sequentium

400 2954 1612 3162 {tittss‘tttlttls{tltlllltt‘lttlllltlffi

401 3161 559 3236 Dovorie
584 3185 664 3233 cum
690 3156 876 3232 acciderit:
905 3181 944 3230 ac
968 3155 1073 3231 etiam
1098 3157 1270 3233 roddend’
1286 3175 1322 3232 et
1347 3158 1506 3236 solvend’
1523 3159 1607 3235 inde

399 3261 556 3336 annatim
591 3259 723 3375 Majori
755 3273 793 3332 et
825 3255 1043 3332 Custodibus
1075 3257 1169 3331 dicte
1210 3259 1294 3332 ville
1326 3260 1387 3359 qui
1421 3276 1507 3335 tunc
1538 3285 1608 3377 pro

400 3379 559 3463 tempore
575 3359 720 3449 fuennt,
735 3357 773 3432 in
790 3356 882 3432 festo
905 3357 1175 3457 Assumpcionis
1191 3357 1290 3434 beate
1313 3360 1430 3434 Marie
1447 3361 1606 3462 Virginis

401 3465 492 3539 duos
510 3461 642 3536 solidos
659 3483 725 3559 pro
744 3459 883 3533 annuali
899 3457 1044 3534 redditu
1061 3481 1072 3547 3
1098 3473 1134 3532 et
1156 3459 1186 3532 si
1206 3461 1388 3560 contingat
1404 3462 1605 3559 predictum

400 3563 585 3639 annualem
610 3561 800 3648 redditum,
827 3561 873 3634 dc
901 3559 953 3660 ijs.
981 3559 1026 3633 ad
1054 3555 1186 3634 festum
1211 3562 1281 3635 vell
1307 3561 1499 3637 terminum
1524 3589 1607 3663 pre-

401 3663 549 3753 dictum,
567 3687 640 3762 quo
656 3659 761 3738 sollvi
785 3659 911 3734 debeat
925 3675 1040 3733 aretro
1055 3657 1133 3734 fore
1158 3660 1352 3736 insolutum
1369 3662 1405 3736 in
1432 3679 1532 3764 parte
1546 3666 1606 3740 vel

401 3762 440 3840 in
456 3780 536 3839 toto
560 3763 654 3837 ultra
677 3759 869 3838 terminum
891 3759 1090 3858 predictum
1106 3786 1169 3861 per
1186 3765 1344 3861 spacium
1359 3761 1438 3838 xvl'
1452 3765 1606 3856 dierum,

402 3864 432 3940 si
448 3863 621 3964 legittime
645 3863 809 3960 petitum,
825 3877 912 3936 tune
926 3859 1065 3936 licitum
1087 3861 1157 3936 erit
1183 3864 1316 3982 Majori
1332 3881 1369 3940 et
1386 3866 1606 3942 Custodibus

404 3964 486 4040 ville
513 3963 669 4064 predicte
692 3961 755 4064 qui
780 3978 867 4037 tunc
891 3987 957 4061 pro
981 3976 1140 4060 tempore
1164 3959 1308 4057 fuerint,
1339 3965 1376 4039 in
1410 3967 1603 4064 prodictam

403 4091 547 4140 vacuam
577 4063 729 4163 placeam
755 4079 846 4138 terre
874 4087 956 4138 cum
989 4061 1154 4136 omnibus
1185 4065 1256 4139 suis
1289 4065 1524 4165 pertinenciis,
1557 4068 1604 4142 ad

400 4189 707 4268 quorumcumque
748 4187 874 4238 manus
915 4161 1084 4252 evenerit,
1126 4161 1305 4260 reintrare,
1347 4165 1520 4258 rehabere,
1565 4183 1602 4242 et
