3748 5266
438 531 457 582 2
464 532 511 604 30
796 503 976 578 novara
1004 500 1283 575 ennarrans

921 803 1012 883 Lx
1025 804 1069 883 X
1084 804 1102 882 l
1114 803 1167 884 V.

774 977 820 1059 iiij
844 976 1076 1058 Septembris,
1098 991 1119 1041 2
1141 977 1239 1043 Edw.
1265 976 1323 1043 tv.

440 1140 531 1214 Hac
561 1138 750 1211 indentura
784 1151 933 1210 testatur
956 1134 1055 1234 quod
1085 1134 1244 1207 Thomas
1273 1134 1381 1220 Gore,
1419 1134 1538 1234 Major
1566 1133 1650 1206 ville

441 1245 619 1328 Dovorre,
637 1238 795 1311 Thomas
807 1236 909 1335 Pety‚
929 1235 1099 1308 Ricardus
1122 1235 1291 1325 Palmere,
1310 1235 1482 1308 Ricardus
1502 1234 1652 1334 Beregh,

439 1359 476 1415 et
510 1340 715 1413 Willelmus
756 1339 931 1426 Gustone,
966 1337 1142 1410 Custodes
1183 1335 1340 1436 ejusdem
1384 1335 1478 1424 ville,
1513 1361 1651 1409 assensu

443 1462 478 1517 et
504 1465 677 1516 concensu
704 1439 981 1512 Communitatis
1006 1437 1163 1538 ejusdem
1189 1437 1272 1511 ville
1297 1437 1507 1512 dimiserunt
1531 1437 1653 1510 libera-

443 1559 572 1619 verunt
610 1558 659 1630 et,
697 1541 761 1612 hac
804 1538 956 1638 presenti
994 1555 1088 1612 carta
1127 1538 1317 1628 indentata,
1357 1539 1654 1613 confirmaverunt

444 1643 606 1718 Waltero
635 1640 784 1729 ffullere,
818 1641 1027 1728 decadem,
1058 1665 1170 1713 unum
1199 1665 1351 1714 vacuum
1386 1637 1552 1714 ffundum
1581 1641 1654 1714 sive

444 1764 573 1820 terram
593 1743 770 1843 jacentem
795 1740 888 1814 infra
913 1739 1109 1814 libertatem
1135 1742 1266 1815 Portus
1291 1743 1456 1814 Dovorre
1481 1742 1518 1816 in
1545 1743 1656 1815 Dere-

446 1843 644 1920 manwarde
686 1844 778 1916 inter
820 1858 949 1916 terram
992 1841 1136 1916 Thome
1177 1841 1289 1940 Toky
1332 1867 1453 1916 versus
1494 1859 1577 1934 east,
1619 1858 1656 1916 et

447 1945 666 2045 mesuagium
709 1943 884 2042 Stephani
927 1943 1066 2016 Axsted
1110 1968 1231 2017 versus
1273 1942 1396 2030 north,
1438 1959 1475 2015 et
1510 1943 1655 2042 Regiam

446 2063 591 2122 stratam
624 2045 836 2143 exopposito
870 2067 1013 2116 murum
1048 2041 1129 2116 ville
1163 2069 1284 2118 versus
1325 2045 1448 2131 south,
1481 2061 1518 2116 et
1559 2069 1658 2117 com-

449 2172 593 2221 munem
627 2146 800 2219 venellam
829 2143 960 2218 ibidem
995 2169 1114 2216 versus
1140 2161 1246 2218 west:
1277 2144 1428 2218 habend’
1453 2163 1489 2219 et
1514 2145 1656 2218 tenend’

449 2248 649 2349 predictum
693 2245 858 2319 ffundum
909 2245 983 2318 sive
1025 2261 1153 2318 terram
1198 2270 1279 2318 cum
1321 2244 1394 2318 suis
1435 2245 1659 2342 pertinenciis

450 2347 588 2450 prefato
612 2347 778 2421 Waltero
798 2344 986 2418 heredibus
1007 2360 1043 2417 et
1067 2345 1249 2445 assignatis
1272 2345 1343 2420 suis
1367 2345 1657 2445 imperpetuum:

450 2447 612 2523 ffaciend'
647 2447 729 2522 inde
762 2445 949 2520 servicium
982 2445 1120 2520 domini
1156 2445 1262 2546 Regis
1296 2471 1377 2520 cum
1410 2447 1589 2535 acciderit,
1623 2463 1659 2520 et

451 2548 680 2624 nihilominus
706 2544 910 2646 capitalibus
933 2547 1089 2622 dominis
1115 2547 1262 2621 servicia
1284 2548 1366 2622 inde
1391 2547 1532 2621 debita:
1567 2548 1658 2622 Red-

450 2649 558 2726 dend’
577 2649 660 2724 inde
676 2647 855 2722 annuatim
881 2647 1013 2748 Majori
1037 2651 1201 2722 Dovorre
1223 2665 1259 2722 et
1282 2647 1487 2724 custodibus
1503 2649 1659 2750 ejusdem

452 2775 518 2852 pro
551 2768 711 2849 tempore
748 2749 979 2822 existentibus
1007 2765 1042 2821 et
1085 2775 1210 2822 eorum
1243 2748 1499 2823 successoribus
1531 2751 1662 2849 imper-

452 2869 617 2953 petuum,
651 2866 734 2924 octo
767 2849 930 2924 denarios
963 2849 1212 2950 sterlingorum
1242 2850 1279 2924 in
1313 2849 1431 2950 Vigile
1456 2849 1663 2926 Natiuitatis

452 2955 551 3028 beate
594 2951 712 3026 Marie
753 2950 893 3052 Viginis
933 2950 1117 3026 solvend’:
1169 2967 1207 3024 et
1239 2951 1267 3024 si
1310 2951 1493 3051 contingat
1525 2951 1661 3026 dictum

453 3055 637 3130 annualem
662 3053 840 3128 redditum
866 3069 950 3126 octo
973 3052 1199 3134 denariorum
1224 3053 1268 3126 ad
1293 3050 1446 3152 aliquem
1472 3055 1663 3128 terminum

453 3183 528 3257 quo
555 3155 646 3230 solvi
677 3153 801 3230 debeat
830 3169 947 3226 aretro
975 3150 1063 3241 fore,
1093 3170 1223 3228 extunc
1261 3152 1348 3226 bene
1381 3153 1499 3228 licebit
1529 3156 1663 3256 Majori

455 3257 537 3331 ville
571 3259 735 3330 Dovorre
767 3269 805 3327 et
839 3253 1059 3330 Custodibus
1091 3254 1248 3356 ejusdem
1282 3280 1349 3354 pro
1381 3271 1541 3354 tempore
1574 3257 1661 3329 exis-

453 3357 611 3434 tentibus
639 3357 675 3429 in
710 3355 908 3455 predictum
951 3354 1116 3429 ffundum
1151 3357 1225 3430 sive
1266 3373 1395 3430 terram
1429 3351 1558 3430 intrare
1591 3359 1665 3433 dis-

456 3461 623 3558 tringere,
654 3473 690 3530 et
716 3455 956 3530 districciones
990 3481 1030 3528 ea
1071 3457 1250 3530 occasione
1283 3473 1400 3556 captas
1426 3457 1598 3533 abducere
1627 3475 1663 3533 et

454 3558 611 3658 effugare
643 3581 829 3656 quousque
861 3557 906 3630 de
940 3583 984 3630 eo
1021 3557 1118 3656 quod
1147 3573 1263 3631 aretro
1291 3555 1399 3631 fuerit
1432 3557 1585 3658 plenarie
1618 3561 1663 3634 sit

453 3657 670 3734 satisfactum
695 3674 731 3732 et
755 3658 985 3756 persolutum.

535 3762 577 3834 ln
595 3759 694 3856 cuius
710 3758 759 3832 rei
785 3758 1030 3833 testimonium
1048 3759 1109 3832 uni
1127 3759 1218 3856 parti
1245 3758 1349 3859 hujus
1367 3776 1459 3834 carte
1475 3761 1666 3852 indentate,

457 3887 562 3962 penes
591 3859 746 3960 prefatos
786 3860 961 3960 Majorem
995 3876 1031 3932 et
1061 3860 1224 3934 custodes
1253 3861 1459 3952 remanenti,
1487 3863 1665 3961 predictus

457 3965 638 4038 Walterus
663 3960 818 4061 sigillum
845 3987 949 4036 suum
974 3962 1149 4060 apposuit,
1186 3962 1284 4035 alteri
1318 3987 1406 4036 vero
1435 3965 1525 4061 parti
1560 3990 1666 4064 penes

458 4063 635 4165 prefatum
669 4063 870 4136 Walterum
904 4062 1111 4152 remanenti,
1146 4061 1301 4163 sigillum
1328 4063 1435 4137 officii
1467 4064 1666 4165 Majoratus

458 4170 622 4240 Dovorre
646 4180 699 4238 est
723 4190 927 4264 appensum.
