3722 5238
460 463 531 555 3ss
819 455 1299 532 uovsscunnrnns

958 721 1168 806 cxtll.

635 893 1478 980 iustptembnsmntuetsetuetrnar.

461 1049 551 1124 Hsc
588 1050 832 1142 luusu‘runn,
863 1053 1032 1126 Testatur
1060 1053 1159 1152 quod
1192 1051 1351 1125 Adriane
1380 1051 1519 1139 white,
1546 1050 1671 1151 Major

459 1152 546 1228 ville
578 1167 615 1226 et
640 1169 764 1252 portus
794 1153 968 1240 Dovorie,
1003 1151 1040 1226 in
1075 1152 1260 1226 Comitatu
1297 1151 1442 1240 Kancie,
1472 1152 1671 1249 Stephanus

459 1251 685 1342 Andersone,
726 1254 903 1347 johannes
954 1252 1125 1352 Gnaipps,
1176 1253 1337 1326 Thomas
1387 1253 1581 1343 Androwe,
1630 1268 1669 1326 et

460 1353 633 1428 Ricardus
663 1353 809 1452 Mylles,
844 1354 1021 1428 Custodes
1041 1353 1134 1426 dicte
1160 1353 1254 1442 ville,
1280 1353 1437 1427 unanimi
1465 1378 1605 1426 assensu
1632 1369 1670 1425 et

459 1453 664 1528 ‘consensu
693 1455 808 1530 tocius
837 1452 1117 1528 Communitatis
1144 1453 1303 1554 ejusdem
1329 1453 1565 1541 tradiderunt,
1583 1478 1670 1527 con-

460 1572 651 1645 cesserunt,
668 1571 704 1628 et
721 1555 766 1629 ad
782 1554 880 1629 feodi
898 1555 1036 1628 firmam
1053 1553 1265 1629 dimiserunt
1291 1554 1487 1630 Edmundo
1512 1554 1667 1644 Whitte,

460 1656 544 1730 ville
561 1657 720 1731 Dovorie
738 1656 906 1755 predicte,
917 1681 1077 1752 yeoman,
1096 1671 1215 1730 totum
1232 1655 1322 1729 illud
1339 1671 1503 1729 nostrum
1516 1679 1667 1754 parvum

459 1772 704 1830 tenementum
733 1757 770 1830 in
803 1781 877 1856 quo
909 1756 1055 1857 quidem
1087 1756 1266 1849 johannes
1295 1757 1521 1845 lauranum,
1542 1754 1667 1853 tayler,

458 1857 568 1931 modo
601 1857 786 1948 inhabitat,
812 1858 1013 1948 scituatum,
1039 1857 1228 1958 jacentem,
1262 1873 1298 1930 et
1331 1857 1539 1930 existentem
1573 1854 1668 1928 infra

458 1955 479 1998 '¹
490 1957 689 2032 libartatem
707 1957 790 2030 ville
803 1957 964 2032 Dovorie
977 1957 1145 2056 predicte,
1158 1957 1250 2031 inter
1267 1973 1457 2056 partucum
1478 1956 1666 2056 messuagii

458 2056 645 2156 predicti*
655 2059 820 2133 Adrianu
837 2083 958 2132 versus
974 2075 1056 2146 east,
1074 2075 1110 2131 et
1127 2075 1314 2156 partucum
1340 2058 1374 2131 le
1395 2059 1498 2131 seller
1515 2057 1666 2156 predicti

458 2156 654 2232 *Adrianu
672 2159 813 2234 Whitte
843 2184 964 2233 versus
980 2175 1094 2250 weast,
1113 2174 1177 2236 etc
1232 2157 1416 2232 Hnssuu'
1436 2183 1481 2232 ss
1499 2157 1667 2230 rsusun’

461 2259 660 2358 predictum
702 2257 948 2358 “parvumum
982 2275 1225 2334 tenementum
1267 2283 1350 2332 cum
1392 2259 1557 2334 omnibus
1590 2257 1668 2330 suis

457 2359 680 2459 pertinentiis
696 2359 836 2458 prefato
850 2359 1047 2434 Edmundo
1063 2359 1217 2449 Whitte,
1229 2358 1415 2433 heredibus
1431 2376 1468 2432 et
1484 2357 1668 2458 assignatis

458 2460 544 2552 suis,
578 2487 598 2534 a
628 2459 720 2534 festo
748 2459 1017 2560 Assumptionis
1050 2459 1149 2534 beate
1186 2459 1303 2533 Marie
1336 2459 1493 2560 Virginis
1535 2458 1667 2533 ultimo

458 2561 629 2660 preterito
655 2577 736 2635 ente
765 2560 890 2635 ditum
910 2561 1127 2660 presentium
1162 2561 1207 2635 de
1239 2585 1332 2634 anno
1358 2560 1396 2634 in
1427 2584 1560 2634 annum
1590 2582 1666 2634 uno

458 2677 540 2761 post
556 2660 710 2734 ‘allium
727 2685 839 2761 usque
855 2659 900 2734 sd
917 2660 1024 2735 finem
1040 2676 1078 2735 et
1102 2660 1294 2735 terminum
1314 2659 1473 2734 lmurxix⁰
1488 2683 1665 2734 annorum

458 2778 589 2836 extunc
613 2761 859 2861 proximorum
885 2761 1108 2860 sequentium
1141 2759 1228 2834 sdeo
1253 2761 1406 2858 plenarie
1439 2758 1663 2859 complend’:

460 2861 619 2936 ffaciend’
646 2862 730 2936 inde
762 2861 950 2935 servicium
984 2863 1215 2936 dominorum
1249 2861 1357 2960 Regis
1389 2877 1425 2934 et
1458 2862 1596 2961 Regine
1629 2875 1668 2934 et

457 2962 716 3036 successoribus
740 2963 813 3036 suis
836 2963 1032 3036 secundum
1058 2960 1350 3036 consuetudinem
1371 2961 1454 3035 ville
1478 2979 1515 3036 et
1539 2977 1667 3060 portus

457 3063 617 3138 Dovorie
642 3087 724 3136 cum
749 3062 936 3136 acciderit:
964 3087 1003 3136 sc
1028 3062 1134 3136 etiam
1162 3062 1306 3136 redend’
1331 3078 1367 3135 et
1391 3062 1552 3136 solvend’
1579 3061 1666 3136 inde

457 3165 640 3238 annuatim
685 3163 818 3262 Majori
860 3178 896 3236 et
939 3160 1157 3236 Custodibus
1206 3162 1300 3237 dicte
1344 3163 1430 3237 ville
1471 3164 1533 3261 qui
1576 3178 1664 3236 tunc

483 3289 525 3337 ro
549 3281 709 3364 tempore
734 3261 912 3336 'fuerunt
936 3262 974 3335 in
1001 3261 1093 3338 festo
1122 3262 1389 3362 Assumptionis
1418 3263 1516 3337 beate
1548 3263 1665 3338 Marie

457 3289 616 3464 ihrginis
632 3365 702 3438 vid.
728 3388 796 3463 pro
822 3361 1006 3436 'annualli
1032 3363 1190 3438 redittu:
1228 3379 1264 3436 et
1290 3363 1319 3436 si
1353 3363 1533 3464 contingat
1562 3365 1664 3464 quod

455 3465 593 3539 dictum
626 3465 813 3538 annualem
851 3463 1032 3537 redditum
1066 3465 1111 3538 de
1144 3488 1205 3536 sex
1233 3463 1426 3538 ‘denarios
1453 3464 1499 3538 ad
1531 3463 1663 3538 festum

457 3565 658 3665 predictum
699 3588 774 3665 quo
806 3564 896 3638 solvi
938 3563 1064 3638 debeat
1097 3580 1233 3639 erretro
1258 3563 1347 3638 ffore
1389 3565 1426 3638 in
1459 3581 1558 3664 parte
1591 3565 1665 3640 vell

457 3667 494 3739 in
511 3681 590 3741 toto
607 3663 701 3738 ultra
724 3665 916 3738 terminum
933 3665 1134 3763 predictum
1151 3690 1215 3763 per
1238 3665 1393 3763 spacium
1409 3677 1494 3741 xv¹¹n
1511 3665 1664 3754 dierum,

456 3783 543 3842 tunc
583 3764 723 3840 licitum
756 3765 824 3839 erit
859 3765 991 3865 Majori
1033 3781 1069 3839 et
1111 3764 1330 3840 Custodibus
1371 3765 1456 3840 ville
1496 3766 1662 3865 predicte,

457 3868 520 3967 qui
546 3882 634 3940 tunc
658 3889 727 3982 pro
754 3882 915 3965 tempore
941 3865 1097 3955 fuerunt,
1127 3865 1165 3939 in
1195 3865 1395 3965 predictum
1421 3882 1664 3941 tenementum

455 3993 537 4042 cum
571 3967 736 4042 omnibus
768 3966 841 4038 suis
869 3965 1102 4066 pertinentiis,
1132 3965 1177 4040 sd
1206 3991 1513 4068 quorumcumque
1540 3993 1666 4040 manus

454 4067 623 4156 evenerit,
675 4067 854 4155 reintrare,
897 4065 1075 4156 rehabere,
1129 4083 1166 4141 et
1199 4067 1385 4168 ‘paciffice
1425 4069 1579 4167 gaudere
1623 4085 1664 4144 ut

455 4171 492 4242 in
547 4183 642 4243 statu
694 4191 760 4241 suo
800 4165 963 4267 pristino,
1006 4192 1044 4241 sc
1086 4167 1284 4265 predictum
1338 4167 1575 4242 Edmundum
1627 4184 1664 4242 et
