3748 5266
461 458 529 528 282
820 454 1000 530 DOVER
1026 455 1304 529 CHARTERS

887 807 889 810 >
973 759 1142 841 XCII.

780 933 853 1014 xiiij
876 933 1052 1014 Octobris,
1076 943 1114 1014 17
1137 933 1229 1000 Hem
1249 933 1330 1000 vn.

457 1087 671 1164 Novexrur
696 1089 849 1162 universi
868 1114 930 1188 per
955 1107 1133 1188 presentes
1158 1114 1223 1162 nos
1249 1087 1450 1163 Henricum
1477 1091 1593 1176 West‚
1619 1089 1667 1162 de

453 1189 616 1286 parochia
641 1191 686 1264 de
719 1191 994 1291 Westlangdon,
1021 1191 1057 1263 in
1083 1190 1267 1264 Comitatu
1290 1191 1435 1280 Kancie,
1468 1192 1666 1290 Agnetam,

455 1316 600 1365 uxorem
623 1317 734 1382 suam,
749 1291 950 1386 Johannem
973 1294 1088 1381 West,
1105 1307 1141 1366 et
1163 1291 1355 1366 Ricardum
1378 1293 1493 1379 West,
1513 1291 1605 1364 filios
1626 1307 1666 1364 et

454 1392 597 1467 heredes
625 1419 719 1484 suos,
755 1393 927 1468 remisisse
956 1393 1125 1466 relaxasse
1153 1408 1190 1465 et
1220 1393 1369 1466 omnino
1402 1418 1468 1491 pro
1499 1391 1600 1466 nobis
1628 1409 1666 1466 et

455 1493 642 1568 heredibus
672 1495 802 1568 nostris
835 1494 1098 1594 imperpetuum
1128 1494 1290 1594 quietum
1325 1494 1488 1567 clamasse
1522 1492 1666 1568 Thome

456 1595 630 1685 Barrowe,
647 1596 692 1669 de
717 1599 895 1685 Dovorra,
913 1594 1101 1670 heredibus
1116 1611 1152 1668 et
1177 1595 1360 1695 assignatis
1375 1593 1447 1667 suis
1464 1610 1584 1667 totum
1604 1595 1668 1694 jus

455 1712 617 1770 nostrum
634 1713 767 1770 statum
782 1698 927 1770 titulum
944 1697 1108 1770 interesse
1126 1695 1296 1770 clameum
1313 1712 1349 1769 et
1362 1695 1578 1776 demendum
1594 1721 1666 1794 que

453 1797 639 1872 habuimus
654 1798 823 1874 habemus
839 1814 900 1872 aut
925 1798 1044 1897 aliquo
1061 1797 1170 1872 modo
1187 1797 1224 1870 in
1250 1795 1373 1871 futuro
1390 1796 1516 1871 habere
1533 1795 1666 1895 poteri-

454 1923 533 1972 mus
559 1899 603 1972 de
625 1916 662 1972 et
683 1899 719 1973 in
745 1899 914 1973 omnibus
936 1915 973 1972 et
993 1899 1142 1999 singulis
1171 1897 1239 1972 illis
1266 1899 1369 1972 terris
1394 1914 1431 1970 et
1452 1898 1665 1971 tenementis

455 2024 535 2072 cum
602 1999 782 2074 rtinenciis
802 1998 1000 2100 jacentibus
1017 2016 1053 2073 et
1069 1999 1299 2074 existentibus
1318 1998 1413 2099 apud
1429 1998 1606 2088 Asshecle,
1626 2000 1663 2072 in

454 2025 618 2198 parochia
637 2100 682 2174 de
700 2100 943 2192 Northebom‚
961 2127 1031 2200 que
1056 2127 1123 2201 ego
1148 2101 1329 2199 predictus
1343 2100 1524 2173 Henricus
1551 2125 1663 2198 nuper

454 2201 645 2300 perquisivi
676 2202 721 2275 de
751 2201 903 2276 Ricordo
931 2203 1102 2291 Palmere,
1130 2201 1310 2302 quondam
1340 2203 1385 2276 de
1421 2201 1598 2290 Dovorra,
1626 2217 1663 2275 et

452 2319 554 2376 antea
583 2301 729 2378 fuerunt
764 2302 1015 2377 Bartholomeo
1053 2305 1224 2377 Barowe:
1269 2304 1316 2376 ita
1349 2301 1449 2402 quod
1492 2328 1556 2375 nec
1597 2327 1663 2376 nos

452 2401 600 2501 predicti
643 2404 836 2494 Henricus,
869 2407 1005 2505 Agnes,
1045 2405 1234 2498 Johannes‚
1269 2421 1306 2477 et
1340 2403 1511 2476 Ricardus
1545 2404 1662 2492 West‚

453 2530 586 2604 necque
616 2505 761 2580 heredes
786 2507 909 2595 nostri,
936 2532 999 2580 nec
1024 2505 1152 2604 aliquis
1176 2505 1264 2578 alius
1290 2503 1493 2578 nominibus
1518 2503 1659 2593 nostris,

452 2605 596 2707 aliquod
608 2605 670 2706 jus
685 2621 799 2680 status
815 2607 960 2680 titulum
985 2607 1151 2680 interesse
1164 2607 1336 2680 clameum
1353 2607 1427 2679 sive
1444 2605 1660 2679 demendum

452 2708 497 2781 de
512 2708 570 2781 vel
589 2707 626 2780 in
643 2707 810 2806 predictis
836 2707 938 2782 terris
954 2723 990 2782 et
1009 2706 1219 2782 tenementis
1235 2731 1317 2780 cum
1343 2707 1577 2803 pertinenciis,
1596 2732 1659 2780 nec

451 2809 495 2882 de
513 2809 569 2882 vel
586 2807 623 2882 in
639 2809 757 2910 aliqua
772 2808 855 2883 inde
872 2810 1032 2908 porcella,
1048 2808 1093 2883 de
1110 2825 1227 2882 cetero
1243 2808 1380 2908 exigere
1396 2824 1459 2881 aut
1476 2807 1661 2882 vendicare

451 2910 648 3010 poterimus
679 2936 741 2984 nec
770 2909 954 2985 reclamare
978 2910 1148 2986 debemus
1178 2909 1215 2982 in
1245 2908 1382 2998 futuro,
1413 2925 1466 2982 set
1495 2924 1531 2982 at
1561 2909 1658 2982 omni

450 3012 591 3087 accione
611 3011 705 3114 juris
729 3028 842 3086 status
867 3012 962 3085 tituli
979 3012 1144 3086 interesse
1170 3011 1290 3084 clamei
1308 3035 1369 3084 seu
1387 3009 1552 3083 demandi
1576 3008 1659 3083 inde

451 3113 600 3188 habend’
616 3113 690 3188 sive
716 3113 858 3213 petend’
876 3113 1018 3212 penitus
1034 3113 1143 3186 simus
1159 3111 1291 3185 exclusi
1317 3111 1580 3210 imperpetuum
1599 3136 1661 3210 per

450 3230 639 3313 presentes.

526 3315 567 3387 ln
601 3315 702 3415 cujus
735 3315 785 3386 rei
820 3315 1066 3389 testimonium
1108 3313 1190 3388 huic
1224 3313 1376 3412 presenti
1413 3328 1506 3385 carte
1541 3328 1660 3385 nostre

449 3414 563 3516 sigilla
579 3433 699 3490 nostra
715 3414 956 3513 apposuimus.

524 3519 618 3589 Data
634 3516 901 3616 quartodecimo
918 3516 975 3590 die
993 3515 1128 3590 mensis¹
1140 3515 1311 3590 Octobris
1326 3539 1418 3589 anno
1435 3515 1534 3614 regni
1553 3514 1660 3613 Regis

452 3616 607 3690 Henrici
624 3615 766 3714 septimi
783 3618 928 3717 Anglie,
946 3617 1087 3693 decimo
1103 3618 1263 3716 septimo.

449 3993 556 4094 [149]
