3728 5258
439 486 507 580 138
793 481 975 560 novun
991 483 1281 560 -cunnsens

957 784 1002 865 X
1016 783 1113 864 LV.

784 960 833 1043 :n
826 959 1027 1040 Octobris,
1040 973 1062 1026 2
1077 960 1203 1043 Henry
1218 959 1278 1027 1v.

431 1114 579 1188 Scmus
612 1128 790 1210 presentes
816 1129 852 1186 et
882 1111 992 1186 futuri
1023 1114 1122 1215 quod
1152 1138 1235 1212 ego
1246 1113 1425 1206 Johnnnee
1453 1112 1567 1202 Gilee,
1594 1113 1640 1187 de

431 1217 606 1303 Dovorre,
625 1213 708 1288 dedi
728 1214 883 1288 concessi
901 1230 937 1287 et
954 1214 1018 1288 hac
1044 1214 1196 1314 presenti
1222 1231 1318 1288 certa
1342 1239 1420 1288 mee
1435 1214 1639 1332 confirmavi

432 1315 574 1389 Thome
598 1331 655 1389 ate
679 1315 853 1405 Crouche,
879 1315 924 1389 de
955 1317 1133 1404 Dovorre,
1163 1331 1199 1389 et
1224 1315 1398 1410 Johenne,
1425 1313 1527 1390 uxori
1552 1313 1639 1430 ejus,

432 1441 539 1490 unam
561 1442 676 1490 acrem
702 1433 738 1489 et
762 1373 946 1490 dimidiam
962 1441 1076 1490 acrem
1100 1434 1192 1492 terre
1216 1441 1298 1489 cum
1321 1417 1394 1490 suis
1419 1415 1642 1514 pertinenciis

426 1517 601 1632 jacentem
620 1519 656 1592 in
674 1517 837 1616 parochia
851 1519 897 1592 de
913 1517 1106 1593 Cherltone
1130 1518 1223 1616 apud
1245 1516 1445 1608 Holstrete,
1463 1516 1639 1607 videlicet,

432 1619 526 1692 inter
541 1634 672 1692 terram
688 1618 776 1693 dicti
792 1618 934 1694 Thome
950 1645 1072 1693 versus
1095 1619 1214 1707 south,
1240 1635 1277 1692 et
1302 1634 1432 1692 terram
1458 1617 1641 1694 Prioratus

432 1722 599 1795 Dovorre
614 1744 737 1794 versus
752 1735 836 1808 east,
853 1735 890 1792 et
915 1736 1044 1793 terram
1071 1676 1222 1794 Henrici
1247 1719 1367 1793 Merle
1392 1743 1515 1794 versus
1539 1734 1638 1808 west,

431 1837 467 1894 et
484 1823 576 1894 inter
592 1837 722 1894 terram
740 1820 955 1921 [quondam]
972 1821 1114 1895 Ricardi
1131 1837 1188 1895 ate
1214 1821 1350 1920 Berghe
1367 1845 1488 1894 versus
1504 1819 1636 1895 north·
1629 1877 1636 1894 .

433 1921 582 1994 habend'
606 1937 643 1994 et
669 1921 813 1994 tenend'
840 1921 972 1994 dictam
999 1947 1113 1996 acram
1142 1939 1179 1996 et
1204 1921 1386 1997 dimidiam
1416 1945 1531 1996 acmm
1556 1945 1637 1994 cum

431 2022 596 2096 omnibus
611 2021 683 2094 suis
700 2021 922 2120 pertinenciis
940 2021 1083 2120 prefatis
1108 2023 1253 2096 Thome
1276 2039 1312 2096 et
1337 2023 1511 2118 Johanne,
1537 2021 1638 2096 uxori

430 2123 517 2223 ejus,
536 2121 722 2197 heredibus
746 2139 782 2196 et
806 2122 989 2222 assignatis
1013 2123 1124 2222 ipsius
1148 2123 1323 2198 Thome
1314 2139 1577 2222 imperpetuum
1594 2123 1639 2197 de

431 2223 569 2340 capitali
599 2223 747 2298 domino
772 2221 868 2298 feodi
894 2223 989 2297 illius
1018 2251 1081 2322 per
1109 2224 1254 2298 servicia
1280 2224 1363 2298 inde
1384 2223 1505 2299 debite
1529 2240 1566 2298 et
1594 2223 1640 2298 de

425 2324 507 2424 jure
532 2341 722 2398 consueta·
761 2339 798 2397 et
825 2348 893 2423 ego
920 2326 1101 2424 predictus
1128 2327 1306 2421 Jobnnnes
1333 2340 1370 2399 et
1398 2323 1545 2398 heredes
1569 2324 1638 2398 mei

430 2424 633 2542 predictam
641 2449 756 2498 acram
773 2441 808 2498 et
820 2424 1004 2500 dimidiam
1021 2451 1135 2500 acram
1162 2443 1253 2503 terre
1278 2451 1359 2500 cum
1385 2424 1551 2501 omnibus
1566 2425 1639 2500 suis

429 2525 654 2624 pertinenciis
670 2523 817 2624 prefatis
833 2526 973 2600 Thome
989 2544 1025 2601 et
1040 2528 1214 2620 Johenne,
1228 2527 1331 2602 uxori
1344 2526 1432 2627 ejus,
1449 2524 1639 2601 heredibus

428 2643 464 2700 et
490 2627 674 2742 assignatis
707 2627 816 2725 ipsius
840 2628 993 2718 Thome,
1019 2645 1143 2704 contra
1160 2653 1284 2704 omnes
1305 2645 1429 2730 gentes
1453 2628 1638 2702 warantiz-

429 2727 590 2801 abimus
582 2743 858 2845 imperpetuum.

505 2829 547 2901 In
564 2829 663 2930 cujus
680 2830 730 2903 rei
748 2829 990 2904 testimonium
1008 2829 1090 2904 huie
1104 2829 1258 2930 presenti
1276 2845 1369 2904 carte
1386 2855 1463 2904 mee
1478 2828 1636 2929 sigilium

428 2953 547 3003 meum
564 2931 723 3030 apposui.

503 3031 642 3106 Datum
667 3032 761 3132 apud
794 3032 987 3106 Cherltone
1021 3031 1234 3106 duodecimo
1263 3029 1321 3105 die
1344 3029 1513 3106 Octobris
1542 3055 1637 3104 anno

426 3132 526 3232 regni
546 3132 654 3232 Regis
671 3132 821 3206 Henrici
839 3133 955 3232 quarti
973 3150 1054 3231 post
1067 3149 1302 3233 conquestum
1320 3131 1452 3232 Anglie
1467 3132 1633 3208 secundo.

503 3232 589 3307 Hiis
614 3234 782 3308 testibus:
824 3233 978 3308 Ricardo
1006 3251 1062 3308 ate
1088 3234 1255 3334 Berghe3
1299 3233 1463 3309 Henrico
1490 3234 1636 3320 Merle;

425 3333 585 3506 Johpnne
601 3336 828 3422 Sandercok3
853 3336 1014 3428 Johanne
1040 3334 1235 3423 Hemone;
1262 3333 1426 3408 Henrico
1452 3333 1635 3421 Hollane;

426 3450 462 3509 et
480 3459 563 3511 ans.
614 3499 615 3504 ,
1271 3476 1273 3480 .
