3728 5258
450 476 496 569 γε
809 467 985 542 novun
1012 465 1288 540 ennarrans

522 668 700 762 Joharmes
713 666 814 742 Pirot
824 693 977 768 querens
986 667 1316 767 opponitseversus
1328 667 1506 769 Majorem
1517 667 1600 741 ville
1609 666 1654 742 de

448 768 629 842 Sandwico
646 770 691 844 de
708 769 838 866 placito
858 785 955 843 trans
1052 769 1151 845 ionis
1205 768 1255 842 Et
1269 767 1364 843 unde
1377 769 1541 868 queritur
1553 768 1653 868 quod

448 895 530 944 cum
558 870 677 943 dictus
727 870 882 943 ohannes
912 871 956 942 ha
1021 884 1036 943 t
1064 869 1203 944 diversa
1229 885 1428 945 tenementa
1444 871 1655 967 pertinentia

450 971 617 1044 Manerio
643 995 710 1044 suo
739 971 784 1046 de
815 970 1027 1072 Ringeltone
1057 996 1120 1069 per
1150 969 1339 1044 servicium
1367 970 1412 1044 de
1442 969 1652 1059 Bedelwike,

447 1088 483 1146 et
513 1073 557 1146 ad
587 1071 733 1146 Curiam
761 1097 862 1146 suam
891 1088 1026 1146 tentam
1054 1071 1099 1146 ad
1131 1071 1336 1145 Manerium
1365 1071 1566 1170 predictum
1596 1071 1653 1144 die

450 1172 623 1247 Mercurii
642 1172 806 1271 proximo
822 1189 902 1271 post
920 1173 1065 1246 Festum
1086 1172 1201 1246 Sancti
1229 1172 1416 1247 Michaelis
1440 1198 1534 1247 anno
1558 1172 1652 1274 xxxj,

447 1274 594 1374 quidam
615 1273 769 1374 Egidius
784 1274 932 1363 Sowere,
950 1289 1071 1347 tenens
1088 1273 1197 1372 ipsius
1220 1273 1403 1367 Johannis,
1420 1275 1552 1348 electus
1578 1289 1652 1348 erat

447 1375 615 1449 essendus
640 1374 797 1450 bedellus
825 1400 893 1473 pro
920 1375 1023 1449 certis
1050 1375 1153 1448 terris
1169 1399 1257 1474 quas
1273 1373 1368 1448 idem
1386 1375 1539 1474 Egidius
1556 1391 1652 1448 tenet

447 1477 492 1551 de
530 1477 609 1574 ipso
645 1477 691 1551 de
728 1476 828 1550 dicto
858 1475 1023 1550 Manerio
1051 1501 1130 1566 suo,
1160 1500 1227 1574 pro
1256 1501 1331 1576 quo
1360 1477 1509 1550 servicio
1537 1475 1654 1550 dictus

448 1577 602 1676 Egidius
641 1575 712 1651 fuit
750 1577 943 1666 districtus,
974 1601 1040 1675 pro
1069 1599 1139 1676 qua
1168 1601 1254 1650 vero
1279 1576 1503 1651 districcione
1530 1576 1652 1678 Major

446 1678 531 1754 ville
547 1681 592 1753 de
617 1678 810 1766 Sandwico,
840 1678 898 1753 dic
926 1693 963 1752 et
989 1703 1083 1752 anno
1108 1677 1317 1775 supradictis
1343 1678 1435 1776 oepit
1461 1677 1652 1779 quemdam

446 1805 582 1879 equum
601 1779 712 1877 ipsius
727 1779 897 1872 Johannis
914 1778 951 1851 in
969 1778 1053 1851 villa
1069 1779 1114 1852 de
1126 1779 1307 1853 Sandwico
1319 1793 1355 1852 et
1368 1779 1486 1876 ipsum
1498 1778 1653 1852 detinuit

447 1881 566 1953 minus
587 1879 685 1981 juste
711 1878 843 1978 absque
870 1879 987 1979 aliqua
1013 1905 1116 1954 causa
1140 1879 1349 1954 rationabili.
1403 1879 1453 1953 Et
1471 1879 1551 1954 inde
1569 1903 1653 1977 pro-

446 1980 546 2054 ducit
574 1996 712 2071 sectam,
730 1995 796 2054 etc.
853 1979 904 2054 Et
930 1979 1110 2076 predictus
1137 1979 1257 2080 Major
1286 1979 1417 2052 habens
1432 1979 1528 2054 diem
1546 2005 1652 2052 suum

446 2083 504 2156 hic
537 2081 662 2156 datum
695 2081 788 2180 apud
829 2079 976 2154 Curiam
1019 2081 1064 2154 de
1097 2081 1279 2178 Shipweye
1312 2081 1411 2153 venit
1444 2081 1480 2153 in
1510 2081 1654 2180 propria

447 2207 596 2282 persona
622 2207 686 2255 sua
711 2197 748 2255 et
773 2180 862 2257 dicit
888 2180 986 2280 quod
1012 2180 1057 2255 ad
1084 2196 1212 2254 sectam
1240 2181 1358 2278 partis,
1387 2180 1550 2255 videlicet
1565 2181 1651 2256 dicti

447 2283 570 2383 Egidii
595 2282 836 2381 attemptantis
864 2281 1044 2381 querelam
1074 2306 1195 2354 versus
1225 2282 1359 2356 dictum
1381 2282 1590 2376 Johannem,
1616 2299 1652 2356 et

446 2384 656 2459 invenientis
686 2383 845 2483 plegium
873 2383 918 2456 ad
947 2383 1126 2482 querelam
1152 2405 1253 2456 suam
1278 2382 1514 2482 prosequend’
1540 2399 1577 2458 et
1603 2384 1653 2457 sic

447 2509 612 2586 processu
641 2509 746 2582 super
774 2484 843 2558 hoc
873 2498 1042 2556 contento
1070 2481 1163 2582 cepit
1192 2481 1289 2557 illam
1318 2482 1578 2558 districcionem
1608 2484 1653 2559 ad

446 2587 565 2685 ipsum
596 2585 794 2679 Johannem
830 2585 980 2658 ductum
1009 2583 1053 2657 ad
1083 2584 1320 2682 respondend'
1351 2595 1459 2682 pr'out
1488 2584 1590 2659 licuit
1616 2601 1652 2660 et

448 2713 518 2762 non
537 2679 652 2775 aliter,
666 2702 747 2777 etc.,
763 2685 808 2760 de
825 2685 892 2758 hoc
909 2685 997 2783 petit
1014 2685 1112 2784 quod
1133 2683 1332 2760 verificetur
1345 2685 1653 2786 qualitercumque

447 2789 557 2864 Curia
586 2786 869 2875 consideraverit,
894 2801 959 2861 etc
1016 2785 1104 2860 Ideo
1120 2803 1325 2884 preceptum
1342 2803 1405 2876 est,
1429 2802 1509 2877 etc.,
1534 2789 1653 2863 venire

447 2888 559 2964 facere
585 2887 632 2988 xij
663 2887 708 2962 de
737 2887 867 2964 visuris
899 2887 930 2986 [ἒ
944 2884 1085 2985 vicinis]
1118 2887 1162 2961 de
1192 2887 1372 2962 Sandwico
1400 2888 1463 2988 qui
1493 2913 1567 2978 nec,
1585 2905 1648 2965 etc

766 2988 875 3085 Quod
914 2987 987 3062 sint
1026 2988 1083 3060 hic
1122 3012 1239 3062 coram
1279 2988 1439 3062 Custode
1478 2989 1535 3062 vel
1576 2990 1653 3090 ejus

447 3093 639 3188 Preceptum
656 3105 711 3162 est.
765 3089 1034 3177 Loco-tenente,
1057 3105 1136 3179 etc,
1164 3089 1223 3164 die
1251 3089 1351 3184 Jovis
1381 3091 1545 3187 proximo
1573 3108 1653 3188 post

764 3187 898 3264 festum
923 3189 1142 3263 Inventionis
1167 3191 1289 3263 Sancte
1308 3189 1433 3264 Crucis
1450 3191 1652 3290 proximum

446 3292 626 3380 futurum,
636 3305 716 3380 etc,
729 3289 1058 3390 adrecognoscend’
1066 3291 1112 3366 de
1121 3291 1298 3389 premissis
1309 3290 1447 3390 plenius
1457 3293 1649 3370 veritatem.

523 3489 574 3563 Et
590 3487 673 3563 alias
689 3488 791 3588 quod
806 3512 851 3561 ex
867 3486 996 3588 injuria
1013 3512 1076 3562 sua
1092 3488 1234 3585 propria
1249 3503 1286 3562 et
1303 3513 1376 3562 non
1392 3488 1505 3579 aliter,
1522 3505 1588 3564 etc.

519 3687 717 3763 Nicholaus
734 3685 936 3786 Eppeloun,
956 3685 1077 3788 Major
1093 3685 1178 3761 ville
1204 3686 1248 3760 dc
1273 3686 1466 3774 Sandwico,
1490 3709 1652 3785 querens,

445 3789 597 3888 opponit
623 3815 659 3864 se
685 3815 809 3863 versus
835 3788 1038 3863 Henricum
1055 3787 1236 3863 Wardicw
1254 3788 1291 3862 in
1316 3785 1444 3886 placito
1461 3801 1653 3887 transgres-

444 3890 565 3980 sionis,
582 3905 646 3968 etc
701 3891 752 3964 Et
769 3890 864 3964 unde
880 3889 1045 3988 queritur
1087 3890 1170 3978 uod,
1190 3888 1248 3964 die
1273 3904 1309 3962 et
1333 3914 1427 3962 anno
1451 3887 1653 3986 supradicto

445 3991 503 4065 die
519 3992 619 4085 Jovis
636 3991 799 4090 proximo
817 4006 897 4089 post
917 3915 1084 4090 [festumi
1106 3990 1221 4064 Sancti
1241 3989 1429 4063 Michaelis
1445 4014 1539 4062 anno
1556 3989 1650 4079 xxix,

446 4089 538 4166 infra
589 4091 740 4168 Portum
791 4093 836 4168 de
881 4092 1073 4180 Sandwico,
1117 4089 1209 4164 infra
1250 4089 1448 4165 libertatem
1490 4090 1651 4191 quinque

444 4209 627 4293 portuum,
663 4219 730 4293 pro
766 4193 979 4294 quibusdem
1021 4192 1218 4268 redditibus
1260 4208 1296 4265 et
1338 4191 1494 4265 serviciis
1535 4190 1649 4265 eidem

445 4295 609 4398 Henrico
637 4295 674 4369 in
700 4293 876 4370 forinseco
905 4293 1174 4396 pertinentibus,
1206 4294 1297 4392 cepit
1314 4293 1491 4392 quandam
1510 4291 1650 4365 distric-
