3748 5266
438 465 507 539 242
796 445 976 520 oovsn
1002 443 1282 520 cunnmms

438 743 677 819 Iusssximus
704 749 814 821 eciam
841 747 1018 862 quendam
1045 772 1222 820 assensum
1250 747 1366 821 eidem
1392 746 1559 845 peticioni
1585 770 1647 844 per

438 843 739 922 Communitatem
768 873 869 948 regni
895 849 1007 922 nostri
1035 847 1168 948 Anglie
1195 847 1231 921 in
1257 848 1384 922 eodem
1417 846 1647 946 parliamento

438 946 646 1121 exislpentem
663 945 797 1023 factum
813 965 849 1023 et
866 949 904 1022 in
920 949 1044 1023 eadem
1061 949 1234 1048 peticione
1259 948 1497 1048 specificatum
1523 949 1560 1021 in
1585 949 1648 1021 hec

438 1073 501 1119 ver
526 1074 568 1122 a:
1219 1077 1222 1082 ’

516 1151 555 1222 A
567 1169 630 1224 cest
644 1150 721 1224 bille
737 1153 782 1224 les
799 1176 979 1228 communes
996 1167 1090 1226 suunt
1107 1169 1271 1226 assentuz.

440 1350 678 1425 Iusssxuuus
694 1352 836 1449 insuper
853 1351 1028 1450 quandam
1053 1349 1315 1449 responsionem
1340 1351 1457 1424 eidem
1482 1346 1647 1449 peticioni

439 1477 501 1550 per
518 1477 594 1541 nos,
607 1453 652 1526 de
669 1453 885 1527 avisamento
900 1467 937 1525 et
954 1477 1094 1526 assensu
1110 1451 1340 1526 dominorum
1358 1451 1591 1551 spiritualium
1612 1462 1648 1520 et

438 1554 686 1652 temporalium
717 1553 754 1626 in
783 1553 881 1627 dicto
910 1553 1141 1650 parliamento
1165 1552 1328 1626 similiter
1352 1551 1592 1638 existentium,
1609 1573 1647 1622 ac

439 1654 715 1729 Communitatis
745 1655 901 1752 predicte
931 1679 1067 1727 necnon
1097 1653 1304 1728 auctoritate
1336 1652 1493 1768 ejusdem
1523 1650 1650 1750 perlis-

440 1755 550 1829 menti
576 1754 717 1847 factem,
735 1773 771 1829 et
792 1755 828 1828 in
848 1755 956 1829 dorso
971 1755 1131 1855 ejusdem
1148 1755 1332 1853 peticionis
1348 1771 1515 1828 insertam
1531 1752 1568 1826 in
1586 1752 1649 1824 hec

441 1855 571 1929 verba:

519 1958 667 2054 Soitsait
680 1983 763 2031 come
780 1957 811 2029 il
822 1973 873 2031 est
887 1959 998 2030 desire.

440 2152 522 2226 Nos
552 2176 688 2226 susem
710 2167 849 2225 tenores
874 2151 1060 2250 peticionis
1086 2177 1244 2226 assensus
1264 2169 1299 2224 et
1316 2151 1553 2250 responsionis
1570 2175 1650 2249 pre·

441 2255 620 2326 dictorum
647 2254 692 2327 ad
719 2253 991 2352 requisicionem
1020 2253 1174 2380 Majoris
1198 2268 1235 2326 et
1262 2252 1540 2327 Communitatis
1565 2249 1650 2324 ville

441 2354 597 2451 predicte
624 2353 791 2428 duximus
817 2353 1083 2453 exemplificsnd
1124 2380 1186 2453 per
1214 2369 1403 2453 presentes.

517 2455 560 2526 ln
577 2455 679 2554 cujus
695 2456 745 2528 rei
763 2454 1006 2528 testimonium
1024 2456 1084 2530 has
1106 2454 1241 2528 litteras
1258 2471 1394 2528 nostras
1410 2454 1484 2526 fieri
1502 2451 1652 2526 fecimus

443 2571 611 2654 patentes.

518 2657 628 2730 Teste
645 2681 702 2729 me
719 2657 796 2754 ipso
812 2655 904 2753 apud
924 2657 1077 2730 Westm.
1096 2656 1263 2731 vicesimo
1285 2671 1384 2730 sexto
1410 2655 1468 2732 die
1494 2653 1650 2749 Januerii

442 2783 536 2832 anno
552 2758 650 2857 regni
669 2756 780 2832 nostri
798 2774 909 2832 sexto.

502 2905 685 3008 ¹(li'aukes.
738 2907 795 2982 eul
816 2933 851 3010 p.
881 2857 1487 3059 Jf'ffiffl1ifgum'}01“³⁰⁰⁵·l
