3728 5258
446 511 490 582 86
804 507 979 582 DOVER
1006 505 1280 580 CHARTERS

591 705 636 779 de
653 705 842 780 excucione
861 705 909 805 [!]
937 705 1119 806 cujusdam
1135 704 1259 806 judicii
1276 717 1401 778 contra
1416 703 1646 780 Valentinum

444 804 536 880 Dies.
592 805 636 878 de
662 807 839 896 Dovorra,
867 833 978 906 nuper
996 807 1175 908 Majorem
1192 805 1287 878 Ville
1303 805 1348 878 de
1363 804 1591 904 Wynchelse,
1608 825 1646 881 et

591 905 727 981 dictum
747 907 991 998 Vincencium,
1009 921 1094 982 tunc
1120 904 1297 980 Ballivum
1314 905 1458 998 ibidem,
1475 933 1538 1007 per
1562 910 1645 981 Bar·

440 1002 660 1080 tholomeum
712 1007 756 1082 de
806 1008 1056 1108 Burghersshe,
1109 1023 1193 1081 tunc
1235 1006 1431 1081 Custodem
1479 1008 1646 1109 Quinque

440 1107 627 1197 Portuum,
658 1107 790 1183 redditi
819 1109 864 1182 ed
892 1125 1023 1184 sectam
1051 1108 1272 1182 Godescsike
1301 1108 1518 1200 Bredenelet,
1536 1135 1647 1210 usque

438 1208 534 1282 diem
551 1208 690 1282 veneris
706 1209 910 1309 proximum
927 1227 1008 1310 post
1025 1208 1157 1284 festum
1173 1209 1297 1284 Sancte
1314 1209 1515 1302 Trinitatis,
1540 1227 1607 1286 etc.

513 1405 725 1507 Preceptum
741 1425 795 1483 est
811 1409 902 1482 sicut
918 1409 1001 1482 elias
1016 1406 1195 1482 Omnibus
1222 1405 1423 1510 Majoribus
1451 1405 1594 1482 Bullivis
1610 1422 1646 1480 et

439 1507 634 1582 Batonibus
662 1509 823 1610 quinque
852 1525 1025 1608 portuum
1055 1507 1154 1608 quod
1184 1507 1335 1583 habeant
1360 1507 1646 1582 contradictum

437 1608 533 1681 diem
551 1609 687 1683 veneris
703 1611 859 1709 predicte
876 1612 913 1684 in
930 1609 1068 1708 scriptis
1085 1635 1155 1709 que
1172 1609 1265 1684 bona
1276 1625 1312 1683 et
1329 1624 1460 1708 quanta
1476 1609 1647 1707 cepissent

437 1735 499 1808 pcr
515 1709 752 1799 Skomerfare,
771 1728 931 1809 tempore
954 1736 1028 1810 quo
1044 1710 1159 1785 dictus
1178 1709 1310 1784 Custos
1334 1709 1528 1808 optinuerit
1545 1707 1647 1782 balli-

437 1835 527 1985 plappe
544 1836 654 1903 suam,
681 1812 776 1885 unde
802 1811 900 1886 dicto
927 1811 1078 1887 Custodi
1106 1827 1199 1886 certa
1221 1837 1299 1910 pars
1314 1811 1454 1913 dejure
1471 1810 1646 1910 pertinere

464 1936 483 1982 e
528 1927 552 1986 t.

437 2168 611 2244 Puncrrn
638 2185 736 2244 tenta
759 2170 804 2244 ad
829 2170 1024 2244 Ecclesiam
1050 2169 1165 2244 Sancti
1182 2168 1305 2264 Jacobi
1332 2168 1377 2243 de
1402 2170 1567 2244 Dovorra
1588 2169 1647 2243 die

489 2293 625 2366 veneris
653 2293 818 2392 proximo
847 2309 928 2392 post
957 2291 1088 2368 festum
1118 2295 1242 2368 Sancte
1270 2291 1468 2370 Trinitatis

517 2503 1009 2606 MajoresBallivietBarones
1019 2504 1177 2605 quinque
1188 2518 1360 2602 portuum
1371 2505 1531 2579 tulerunt
1542 2502 1646 2577 breve

440 2605 576 2678 domini
595 2606 701 2706 Regis
717 2607 752 2679 in
770 2607 834 2678 hec
851 2605 965 2683 verba.
1018 2606 1209 2681 Edwardus
1225 2606 1279 2678 dei
1294 2608 1418 2704 gratia,
1444 2621 1508 2680 etc.
1562 2605 1647 2700 Quo

441 2704 546 2778 breve
588 2707 679 2781 lecto
715 2723 752 2781 et
790 2707 954 2780 omnibus
992 2706 1150 2805 partibus
1213 2705 1416 2780 uerentibus
1449 2705 1531 2779 huic
1564 2703 1647 2777 inde

440 2806 575 2880 vocatis
603 2832 670 2906 pro
698 2807 915 2882 avisamento
943 2833 1048 2907 super
1076 2807 1174 2882 dicto
1187 2732 1298 2880 brevi
1318 2806 1481 2881 habend‘.
1533 2806 1647 2879 Datus

440 2923 493 2980 est
530 2907 604 2980 dies
641 2906 808 2982 omnibus
846 2908 1005 3007 partibus
1039 2907 1268 3008 querentibus
1293 2923 1330 2981 et
1364 2905 1647 2994 defendentibus,

442 3007 616 3099 videlicet,
659 3009 717 3082 die
758 3009 881 3084 martis
918 3009 1082 3109 proximo
1119 3025 1200 3108 post
1238 3007 1369 3082 festum
1407 3006 1649 3081 translacionis

441 3109 557 3184 Sancti
594 3109 739 3184 Thome
776 3109 930 3184 martiris
966 3127 1002 3185 et
1039 3111 1180 3184 interim
1217 3109 1437 3210 loquendum
1474 3123 1527 3181 est
1564 3107 1647 3182 inde

444 3233 525 3283 cum
550 3211 697 3285 consilio
722 3210 860 3286 domini
887 3212 1005 3313 Regis.

517 3311 697 3385 Henricus
713 3312 887 3386 Wardieu
912 3313 1013 3411 ponit
1037 3313 1116 3386 loco
1135 3335 1202 3385 suo
1216 3310 1414 3406 Johannem
1433 3307 1585 3398 Salmon,
1601 3310 1647 3385 de

441 3411 646 3503 Wcstclive,
677 3437 800 3485 versus
831 3413 1008 3514 Majorem
1038 3412 1120 3486 ville
1149 3413 1195 3487 de
1223 3411 1406 3486 Sandwico
1434 3435 1500 3510 pro
1523 3435 1648 3484 manu-

440 3511 595 3587 tinencio
623 3513 721 3612 prius
750 3513 883 3588 habito.

516 3615 717 3703 Edwardus,
745 3628 813 3689 etc.

516 3714 708 3814 Inquisitio
737 3728 836 3813 capta
866 3713 999 3788 virtute
1030 3713 1145 3788 brevis
1174 3713 1310 3787 domini
1346 3711 1452 3810 Regis
1490 3713 1649 3810 superius

441 3840 543 3903 anno,
574 3833 640 3889 etc.
671 3832 752 3904 ete,
782 3816 827 3890 de
856 3815 1005 3890 diversis
1035 3815 1206 3888 custumis
1236 3829 1271 3886 et
1305 3814 1461 3887 tolnetis.
