3748 5266
439 479 510 552 206
791 476 972 552 DOVER
998 477 1278 552 CHARTERS

932 674 1023 754 LX
1034 674 1075 754 V
1088 675 1106 754 1
1121 675 1152 754 1.

733 849 827 914 xxix
848 848 1081 931 Septembris,
1102 863 1140 916 21
1166 850 1257 916 Hen.
1280 849 1341 916 v1.

440 1001 548 1101 [Hac
577 1002 765 1078 indentura
794 1002 886 1076 facta
914 1004 1023 1104 inter]
1059 1004 1247 1080 dominum
1281 1006 1478 1105 Johannem
1507 1003 1646 1091 Wellis‚

437 1103 645 1204 magistrum
680 1104 862 1204 hospitalis
904 1105 1035 1180 domus
1076 1105 1133 1180 dei
1176 1107 1341 1180 Dovorre
1374 1122 1411 1180 et
1453 1103 1647 1181 confratres

435 1205 593 1278 e’usdem
611 1205 740 1279 domus
756 1231 799 1278 ex
817 1221 913 1303 parte
931 1232 1011 1297 una,
1028 1223 1064 1280 et
1083 1206 1282 1301 Johannem
1300 1209 1402 1298 Gate,
1419 1208 1465 1282 de
1482 1206 1646 1305 parochia

435 1229 481 1380 de
498 1305 671 1480 Colgrede
687 1333 730 1380 ex
747 1307 871 1406 altera]
891 1325 998 1405 parte,
1018 1323 1179 1396 testatur,
1197 1309 1295 1407 quod
1313 1308 1460 1406 predicti
1482 1309 1646 1408 magister

433 1422 470 1480 et
495 1432 563 1481 con
579 1423 688 1480 ratres
709 1433 753 1481 ex
778 1433 900 1482 eorum
919 1409 1075 1482 unanimi
1105 1433 1245 1484 assensu
1262 1409 1390 1508 pariter
1414 1425 1449 1482 et
1475 1433 1646 1484 consensu

435 1526 679 1582 concesserunt
707 1508 929 1583 tradiderunt
955 1511 1062 1583 etad
1088 1509 1225 1584 firmam
1252 1511 1463 1584 dimiserunt
1488 1511 1647 1608 predicto

434 1609 599 1704 Johanni‚
617 1625 699 1683 octo
716 1635 810 1683 acras
826 1625 863 1684 et
879 1626 950 1684 tres
969 1612 1074 1685 rodas
1093 1611 1204 1710 [terre
1216 1637 1297 1684 curn
1315 1611 1558 1711 perti]nenciis
1575 1610 1646 1684 suis

429 1709 583 1885 ww
608 1709 645 1784 in
663 1711 826 1808 parochia
845 1711 892 1785 de
916 1711 1080 1801 Colrede,
1099 1714 1193 1786 unde
1218 1713 1288 1788 due
1313 1738 1390 1787 acre
1416 1728 1507 1786 terre
1527 1713 1645 1813 jacent

518 1811 705 1887 whitowne
728 1811 916 1886 latitudine
941 1813 984 1887 ad
1010 1830 1140 1887 terram
1167 1813 1314 1887 Roberti
1332 1815 1386 1887 Po
1452 1813 1495 1886 he
1520 1813 1645 1900 sowth,

434 1929 470 1988 et
489 1929 618 1988 terram
642 1912 800 2012 magistri
825 1913 943 2002 north,
964 1914 1155 2013 capitantes
1171 1915 1351 1989 communi
1401 1912 1479 1988 rofe
1499 1930 1570 1988 east
1591 1914 1644 2013 [et

435 2015 541 2087 north
557 2037 568 2102 ;
593 2014 647 2113 et]
668 2014 738 2088 due
754 2039 830 2088 acre
847 2031 938 2088 terre
949 2015 1068 2116 jacent
1085 2016 1179 2114 apud
1189 2015 1382 2115 Cowtheye
1398 2015 1584 2090 latitudine
1600 2015 1644 2088 ad

434 2130 564 2188 terram
591 2113 765 2188 Willelmi
795 2115 946 2213 Cowper
974 2116 1083 2205 eastlr,
1112 2132 1149 2189 et
1177 2132 1306 2190 terram
1335 2115 1490 2216 magistri
1521 2115 1644 2204 westh,

434 2214 624 2313 capitantes
649 2216 829 2290 communi
854 2213 958 2290 drofe
982 2218 1121 2306 sowth3
1146 2233 1183 2291 et
1207 2218 1277 2292 due
1304 2243 1381 2291 acre
1402 2217 1522 2317 jacent
1541 2217 1646 2317 juxta

436 2373 480 2391 ..
511 2375 519 2390 .
546 2317 659 2391 sowth
691 2317 744 2416 [et
772 2317 875 2415 west]
907 2317 951 2390 ad
981 2334 1110 2391 terram
1138 2318 1296 2420 magistri
1326 2318 1441 2392 sowth
1467 2333 1505 2391 et
1534 2319 1642 2409 easth‚

434 2417 662 2592 capitant[esj
690 2417 870 2492 communi
900 2417 1003 2493 drofe
1028 2419 1169 2509 sowth3
1195 2436 1232 2494 et
1257 2419 1414 2519 quinque
1439 2419 1526 2492 rode
1550 2434 1644 2493 terre

427 2519 548 2619 jacent
563 2542 632 2616 apu
674 2517 942 2617 boverystowne
957 2519 1145 2594 latitudine
1161 2521 1205 2594 ad
1223 2535 1352 2593 terram
1369 2519 1527 2620 magistri
1545 2536 1642 2611 west,

432 2635 467 2692 et
479 2619 651 2694 Willelmi
662 2621 812 2719 Cowper
828 2635 911 2710 east,
925 2621 1114 2720 capitantes
1125 2622 1170 2695 ad
1184 2621 1330 2722 Regiam
1340 2621 1491 2696 Stratum
1508 2621 1615 2696 north
1631 2646 1642 2710 3

432 2736 468 2794 et
492 2745 562 2794 una
582 2745 660 2794 acra
684 2737 776 2794 terre
796 2721 915 2822 jacens
937 2723 1031 2820 apud
1055 2722 1224 2796 Crowche
1244 2722 1431 2796 latitudine
1451 2723 1495 2796 ad
1514 2738 1641 2796 terram

434 2820 606 2895 Willelmi
636 2822 800 2918 Poysohe
829 2839 926 2912 west,
955 2841 992 2897 et
1021 2841 1151 2898 terram
1181 2824 1338 2924 magistri
1372 2839 1455 2912 east,
1487 2849 1526 2897 ca
1551 2823 1641 2897 ‘tans

431 2923 612 2996 communi
640 2921 796 2997 forstalle
829 2924 962 3012 north;
997 2941 1039 3004 et
1059 2941 1131 2999 tres
1153 2926 1240 3000 rode
1273 2941 1366 2998 terre
1386 2924 1504 3024 jacent
1527 2849 1639 3026 liipud

433 3022 666 3123 Crowthe]ye
691 3023 878 3100 latitudine
903 3026 947 3099 ad
973 3042 1103 3100 terram
1128 3026 1272 3100 Thome
1298 3026 1451 3098 Bakarre
1476 3041 1573 3113 west,
1603 3041 1639 3098 et

430 3139 559 3198 terram
602 3124 760 3226 magistri
803 3142 885 3216 east,
930 3128 1119 3226 capitantes
1160 3126 1205 3199 ad
1256 3125 1457 3200 Bromfelde
1498 3127 1636 3200 sowth:

431 3224 581 3300 habend'
607 3243 644 3300 et
660 3227 802 3302 tenend’
819 3227 993 3324 predictas
1008 3244 1091 3302 octo
1107 3251 1201 3302 acras
1218 3241 1288 3301 tres
1309 3228 1411 3302 rodas
1428 3242 1520 3300 terre
1539 3227 1638 3326 [curn

429 3326 501 3399 suis
534 3328 788 3444 pertinenciisJ,
818 3327 972 3426 exceptis
999 3328 1219 3402 libertatibus
1251 3343 1345 3401 carte
1378 3343 1496 3402 nostre
1530 3329 1637 3429 regie,

431 3428 593 3525 predicto
615 3429 769 3523 Johannr
795 3428 981 3502 heredibus
1006 3446 1041 3504 et
1062 3429 1243 3530 assignatis
1262 3429 1334 3502 suis
1356 3454 1377 3501 a
1400 3429 1506 3503 Festo
1522 3429 1637 3504 Sancti

433 3529 618 3602 Michaelis
658 3529 870 3629 Archangeli
913 3555 1023 3628 usque
1065 3531 1102 3603 in
1152 3530 1259 3604 finem
1300 3530 1421 3604 decem
1464 3555 1637 3604 annorum

430 3629 673 3726 proximorum
700 3629 923 3729 sequentium
964 3630 1083 3730 [plene
1120 3631 1424 3730 completorum]:
1469 3631 1638 3706 reddend’

428 3729 511 3805 inde
527 3731 707 3805 annuatim
720 3730 886 3828 predictis
902 3732 1072 3830 magistro
1083 3747 1119 3806 et
1135 3731 1368 3807 confratribus
1383 3748 1420 3805 et
1431 3732 1638 3807 successori-

429 3830 494 3904 bus
535 3833 609 3905 suis
642 3831 678 3905 in
712 3831 883 3929 hospitale
916 3833 1072 3932 predicta
1104 3834 1179 3908 duo
1211 3833 1386 3933 quarteria
1420 3833 1519 3908 ordei
1553 3859 1634 3908 cum

428 3931 567 4008 duobus
589 3932 752 4007 buscellis
777 3933 875 4006 ordei
893 3934 1073 4033 p[erpetui
1101 3933 1261 4008 redditus
1277 3933 1435 4008 solvend’
1453 3934 1505 4036 in]
1528 3933 1635 4008 Festo

430 4033 690 4108 Purificacionis
706 4034 805 4108 beate
825 4035 965 4109 Marie:
993 4052 1029 4110 et
1049 4035 1077 4109 si
1096 4037 1277 4135 contingat
1296 4035 1428 4110 dictam
1448 4037 1633 4110 annualem

427 4135 564 4208 firmam
582 4135 626 4210 ad
643 4133 836 4209 terminum
854 4137 1053 4234 predictum
1070 4136 1220 4210 durante
1245 4136 1400 4210 termino
1415 4136 1574 4234 predicto
1596 4138 1634 4210 in

426 4251 525 4336 parte
549 4236 608 4312 vel
626 4234 697 4337 [in]
722 4251 802 4310 toto
826 4253 943 4310 aretro
960 4235 1069 4337 [fore]
1095 4263 1166 4311 non
1192 4235 1371 4344 [solutam
1389 4252 1521 4313 extunc
1546 4237 1633 4311 bene

424 4337 560 4438 licebit]
578 4353 750 4438 magistro
767 4353 803 4412 et
823 4337 1058 4413 confratribus
1077 4354 1114 4412 et
1130 4338 1385 4412 successoribus
1404 4339 1476 4412 suis
1497 4356 1569 4414 tam
1594 4339 1631 4413 in
