3702 5254
428 515 500 589 294
786 489 968 566 novus
995 490 1274 564 crsnsrsss

425 697 542 769 ciones
558 711 594 768 et
611 695 903 794 transgressiones
925 694 970 766 de
988 693 1094 767 viridi
1112 709 1148 766 et
1173 693 1363 768 venacione
1381 718 1442 766 seu
1460 693 1636 766 occisione

428 820 614 869 cervorum
640 796 824 869 damarum
850 806 887 868 et
921 794 1068 868 aliarum
1101 793 1256 868 ferarum
1291 795 1328 866 in
1355 793 1496 867 forestis
1521 795 1636 894 parcis

427 896 560 971 chaceis
606 897 746 988 nostris,
790 911 852 969 aut
895 895 1044 996 alicujus
1094 895 1367 996 progenitorum
1415 911 1632 986 nostrorum,

425 999 499 1072 sive
524 996 671 1072 aliarum
698 1021 925 1096 personarum
981 1022 1272 1096 uarumcumque,
1298 996 1524 1071 vendiciones
1548 1022 1635 1094 pro—

428 1101 663 1172 sternaciones
679 1115 714 1171 et
732 1099 942 1172 abscisiones
955 1023 1167 1187 boscorum,
1185 1095 1277 1170 infra
1301 1096 1449 1172 forestas
1465 1115 1501 1171 et
1524 1114 1634 1190 extra,

427 1217 462 1273 et
496 1199 643 1273 aliarum
678 1225 797 1272 rerum
833 1224 1138 1299 quarumcumque
1168 1197 1259 1271 infra
1288 1224 1325 1272 re
1351 1225 1435 1272 num
1472 1217 1633 1273 nostrum

428 1301 561 1402 Anglie
586 1318 667 1375 ante
692 1301 893 1400 predictum
920 1301 1124 1374 vicesimum
1147 1301 1294 1374 tercium
1319 1225 1413 1374 diem
1438 1299 1544 1374 factas
1559 1302 1636 1374 sive

427 1418 655 1502 perpetratas,
671 1402 766 1476 unde
783 1403 925 1500 punicio
942 1403 1080 1476 caderet
1097 1402 1133 1474 in
1154 1401 1343 1476 demandas
1362 1402 1499 1476 debitas
1518 1428 1579 1475 seu
1597 1405 1635 1476 in

429 1505 535 1577 finem
553 1521 588 1576 et
605 1504 900 1600 redempcionem,
919 1520 978 1576 aut
996 1504 1031 1576 in
1055 1503 1137 1575 alias
1153 1528 1258 1600 penas
1275 1504 1500 1600 pecuniarias,
1518 1529 1580 1576 seu
1598 1505 1636 1576 in

428 1603 668 1679 forisfacturas
714 1605 890 1678 bonorum
932 1620 968 1676 et
1011 1603 1216 1677 catallorum
1263 1605 1423 1702 ipsorum
1471 1605 1635 1705 Majoris,

427 1706 568 1795 Ballivi,
595 1724 630 1780 et
657 1705 948 1794 Communitatis,
974 1705 1049 1778 sive
1074 1705 1111 1776 in
1136 1707 1378 1778 oneracionem
1404 1731 1635 1804 personarum

428 1833 585 1898 suarum,
615 1823 652 1882 et
677 1833 782 1880 omne
808 1806 845 1879 id
871 1806 969 1905 quod
997 1805 1041 1879 ad
1071 1829 1136 1878 nos
1169 1831 1291 1880 versus
1318 1807 1413 1905 ipsos
1444 1807 1634 1907 Majorem,

429 1907 618 1996 Ballivum,
645 1925 681 1980 et
710 1908 1028 1996 Communitatem,
1056 1905 1209 2004 pertinet
1239 1906 1295 1981 vel
1320 1909 1495 2006 pertinere
1524 1909 1636 2006 possit

428 2033 471 2080 ex
499 2011 611 2082 causis
643 2008 856 2106 supradictis
880 2009 955 2082 sive
988 2033 1109 2081 earum
1145 2008 1262 2108 aliqua
1291 2009 1468 2124 aliquibus
1494 2010 1636 2083 statutis

427 2109 574 2182 actubus
607 2108 892 2183 ordinacionibus
933 2109 970 2181 in
1021 2111 1237 2184 contrarium
1278 2108 1379 2182 factis
1418 2110 1524 2185 editis
1561 2112 1637 2182 sive

428 2209 580 2308 provisis
609 2211 645 2283 in
675 2211 795 2309 aliquo
825 2234 895 2282 non
924 2209 1095 2285 obstante.
1159 2211 1357 2299 Erscrnsr,
1388 2213 1634 2310 perdonamus,

429 2311 658 2402 remittimus,
708 2327 744 2383 et
795 2309 1001 2402 relaxamus,
1043 2310 1176 2384 eisdem
1219 2311 1366 2412 Majori,
1408 2312 1556 2401 Ballivo,
1598 2330 1635 2385 et

429 2411 699 2498 Communitati,
733 2435 857 2484 omnes
889 2428 925 2485 et
958 2413 1180 2486 omnimodas
1213 2413 1518 2512 transgressiones,
1551 2439 1636 2487 con-

430 2529 599 2609 temptus,
642 2509 894 2601 forisfacturas,
942 2512 1133 2605 malefacta,
1176 2530 1212 2585 et
1254 2513 1404 2588 offensas
1445 2539 1508 2612 per
1541 2516 1635 2614 ipsos

430 2612 622 2712 Majorem,
656 2612 845 2701 Ballivum,
883 2630 919 2686 et
962 2612 1278 2702 Communitatem,
1313 2632 1394 2688 ante
1435 2615 1634 2713 predictum

430 2713 637 2787 vicesimum
671 2714 819 2787 tercium
857 2712 964 2806 diem,
1002 2713 1111 2789 factas
1144 2717 1218 2788 sive
1251 2733 1477 2815 perpetratas,
1514 2733 1636 2790 contra

429 2813 581 2888 formam
611 2815 685 2890 sive
710 2813 876 2890 effectum
903 2815 1050 2916 alicujus
1076 2818 1212 2904 statuti,
1239 2834 1349 2907 actus,
1374 2818 1448 2892 sive
1474 2819 1636 2891 ordinac-

427 2916 537 2989 cionis
562 2916 648 2989 editi
673 2915 747 2990 sive
773 2917 918 3015 provisi,
941 2918 987 2989 de
1012 2917 1149 3014 ripariis
1174 2916 1374 3017 gurgitibus
1400 2920 1531 3017 stagnis
1556 2919 1635 3017 pilis

426 3016 549 3089 lokkis
577 3016 789 3092 molendinis
813 3019 964 3117 gutteris
988 3019 1126 3092 seweris
1150 3017 1315 3118 hebbyng
1340 3021 1439 3093 weris
1465 3020 1636 3093 utviethis

427 3117 528 3192 factis
552 3117 723 3193 edificatis
747 3117 906 3192 exaltatis
930 3119 1093 3218 elargatis
1123 3119 1299 3210 strictatis,
1320 3120 1377 3194 vel
1403 3122 1554 3195 extensis
1579 3122 1634 3195 vel

429 3244 500 3291 non
524 3221 686 3306 extensis,
704 3221 760 3292 vel
783 3245 855 3291 non
880 3219 1061 3317 depositis,
1079 3220 1260 3317 depositis,
1284 3237 1346 3294 aut
1373 3247 1446 3294 non
1471 3222 1637 3320 prostatis

428 3321 484 3393 vel
502 3322 676 3417 prostatis,
697 3336 758 3392 aut
785 3345 907 3391 versus
932 3319 1027 3417 ipsos
1046 3320 1235 3421 Majorem,
1253 3321 1446 3411 Ballivum,
1464 3340 1500 3397 et
1526 3323 1636 3396 Com-

429 3420 651 3508 munitatem,
681 3445 825 3520 quoque
854 3420 964 3493 modo
993 3423 1207 3518 presentatis,
1235 3447 1295 3496 seu
1322 3449 1392 3496 non
1419 3425 1635 3522 presentatis,

428 3520 635 3621 adjudicatis
677 3546 794 3594 coram
846 3519 1022 3621 aliquibus
1054 3521 1270 3622 justiciariis,
1313 3525 1634 3616 commissionariis,

428 3621 485 3694 vel
503 3622 673 3694 ministris
694 3621 833 3710 nostris,
859 3647 921 3695 seu
939 3621 1089 3723 alicujus
1109 3625 1380 3724 progenitorum
1405 3643 1606 3701 nostrorum
1624 3653 1634 3716 ;

426 3741 462 3796 et
497 3723 616 3797 omnia
649 3739 684 3795 et
714 3722 919 3797 omnimoda
951 3723 1219 3799 amerciamenta
1261 3725 1347 3798 lines
1380 3752 1487 3824 penas
1516 3728 1634 3802 debita

425 3839 462 3896 et
479 3822 662 3922 deperdita
679 3848 786 3921 super
801 3839 863 3897 aut
879 3848 1003 3898 versus
1018 3824 1161 3900 eosdem
1187 3826 1376 3927 Majorem,
1394 3828 1581 3919 Ballivum,
1599 3846 1634 3903 et

426 3924 731 3999 Communitatem
757 3949 896 4014 assessa,
914 3926 987 3998 sive
1009 3951 1079 3999 non
1098 3953 1235 4018 assessa,
1252 3928 1451 4028 adjudicata
1468 3931 1541 4002 sive
1560 3957 1631 4003 non

425 4025 633 4127 adjudicata,
668 4050 712 4097 ex
746 4028 856 4098 causis
885 4026 1106 4124 supradictis,
1135 4027 1209 4099 sive
1243 4053 1363 4102 earum
1397 4030 1535 4129 aliqua;
1578 4033 1634 4104 Ac

427 4151 549 4199 omnes
566 4143 601 4198 et
618 4127 840 4199 omnimodas
856 4124 1109 4215 forisfacturas,
1131 4127 1227 4217 lines,
1245 4129 1583 4228 condempnationes
1599 4149 1636 4204 et

426 4229 652 4302 denariorum
677 4251 834 4299 summas
859 4226 970 4314 nobis,
988 4251 1049 4300 seu
1075 4229 1177 4302 alicui
1201 4231 1469 4329 progenitorum
1496 4248 1635 4306 nostro-

426 4353 515 4414 rum,
536 4327 672 4400 ratione
698 4328 964 4426 premissorum,
985 4351 1047 4401 seu
1073 4354 1198 4404 eorum
1225 4329 1385 4433 alicujus,
1402 4332 1537 4408 debitas
1559 4335 1632 4406 sive
