3748 5266
456 463 476 513 2
483 442 528 538 56
824 441 1005 515 novnn
1032 441 1306 515 enarrans

933 639 1185 722 LXXXI.

796 807 854 888 vill
876 801 1046 889 Augusti,
1069 821 1108 874 12
1130 808 1230 874 Edw.
1254 807 1314 874 1v.

454 954 544 1028 Hac
573 955 763 1029 indentura
794 969 944 1030 testatur
977 957 1075 1055 quod
1110 958 1269 1030 Thomas
1303 956 1497 1042 Hexstalle,
1532 956 1665 1056 Major,

451 1056 630 1149 Johannes
665 1057 816 1156 Penyot,
851 1055 1033 1130 Galfridus
1065 1057 1206 1146 Elham,
1239 1057 1436 1132 Nicholaus
1470 1057 1499 1130 F
1500 1055 1595 1154 fyne,
1629 1072 1665 1130 et

451 1156 629 1252 Johannes
662 1157 800 1244 Crossc,
843 1157 1017 1232 Custodes
1060 1157 1191 1231 Portus
1225 1160 1401 1247 Dovorre,
1445 1159 1588 1231 nomine
1629 1174 1665 1230 et

452 1283 592 1330 assensu
618 1259 733 1332 tocius
749 1257 1026 1331 Communitatis
1042 1275 1169 1355 portus
1195 1258 1343 1358 predicti
1366 1274 1612 1332 concesserunt
1629 1275 1664 1331 et

452 1360 496 1432 ad
525 1357 621 1433 feodi
656 1359 793 1434 firmam
819 1358 1031 1432 dimiserunt
1056 1359 1191 1454 Jacobo
1225 1361 1352 1459 Yonge
1378 1385 1485 1433 unam
1512 1360 1663 1458 placeam

453 1476 545 1532 terre
578 1486 687 1533 vacue
710 1459 885 1560 jacentem
914 1459 1008 1533 infra
1041 1459 1237 1535 libertatem
1269 1461 1399 1534 Portus
1428 1462 1594 1535 Dovorrc
1627 1460 1663 1532 in

452 1560 668 1658 Oxyswarde
685 1560 778 1634 inter
794 1577 925 1634 terram
951 1560 1125 1634 Willelmi
1143 1562 1261 1635 Broke
1278 1586 1400 1635 versus
1420 1578 1514 1650 west,
1535 1578 1663 1634 terram

451 1661 622 1756 Johannis
636 1660 798 1736 Marable
812 1687 933 1734 versus
950 1662 1069 1749 north,
1081 1678 1210 1735 terram
1222 1662 1394 1758 Johannis
1409 1663 1527 1760 Pepyr
1544 1687 1666 1735 versus

452 1777 513 1850 cst,
544 1778 580 1836 et
611 1787 753 1836 murum
784 1761 869 1835 ville
897 1763 1040 1850 sovvth3
1076 1763 1226 1836 habend'
1249 1780 1285 1836 et
1310 1764 1451 1838 tenend’
1469 1763 1662 1864 predictam

451 1863 604 1963 placeam
622 1879 712 1936 terre
729 1888 810 1936 cum
835 1862 908 1935 suis
925 1863 1150 1962 pertinenciis
1166 1863 1304 1963 prefato
1326 1864 1461 1960 Jacobo
1478 1863 1663 1938 heredibus

450 1981 486 2038 et
512 1963 693 2064 assignatis
717 1965 831 2036 suisa
855 1963 962 2036 Festo
984 1964 1099 2038 Sancti
1123 1965 1310 2039 Michaelis
1335 1965 1549 2066 Archangeli
1569 1990 1662 2038 anno

452 2065 549 2165 regni
578 2064 685 2164 Regis
708 2063 875 2138 Edwardi
903 2065 1020 2163 quarti
1047 2066 1261 2140 duodecimo
1285 2091 1395 2166 usque
1421 2068 1465 2141 ad
1495 2067 1600 2140 finem
1626 2082 1663 2138 et

452 2165 644 2238 terminum
662 2163 790 2262 viginti
814 2189 987 2238 annorum
1013 2182 1143 2241 extunc
1169 2167 1411 2266 proximorum
1438 2166 1661 2268 sequentium

451 2281 487 2339 et
514 2265 667 2364 plenarie
692 2263 978 2365 completorum:
1017 2266 1180 2342 ffaciend'
1202 2269 1283 2342 inde
1308 2269 1495 2342 servicium
1525 2268 1660 2343 domini

452 2365 546 2467 regis
563 2391 644 2440 cum
666 2367 823 2440 evenerit
840 2366 1036 2440 secundum
1059 2369 1354 2444 consuetudinem
1371 2385 1495 2468 portus
1512 2368 1659 2466 predicti

451 2483 487 2540 et
515 2467 685 2541 reddend'
710 2467 791 2541 inde
820 2466 914 2540 dicte
944 2469 1202 2543 Communitati
1233 2486 1269 2544 et
1302 2470 1559 2544 successoribus
1588 2469 1660 2542 suis

451 2569 631 2642 annuatim
674 2567 710 2640 in
754 2568 860 2642 Festo
901 2570 1170 2666 Assumpcionis
1203 2570 1301 2643 beate
1349 2571 1465 2644 Marie
1505 2569 1661 2670 Virginis

452 2669 528 2769 iiij⁰¹
561 2669 722 2744 denarios
755 2667 912 2743 annualis
947 2669 1129 2744 redditus:
1175 2687 1211 2745 et
1241 2672 1270 2745 si
1305 2672 1489 2770 contingat
1522 2671 1658 2745 dictum

451 2768 632 2843 redditum
658 2770 735 2871 inJ0'
761 2769 987 2844 denariorum
1008 2788 1122 2845 aretro
1147 2770 1224 2846 fore
1249 2772 1286 2845 in
1312 2788 1409 2870 parte
1434 2770 1491 2846 vel
1517 2771 1553 2844 in
1580 2787 1659 2847 toto

453 2869 544 2944 ultra
560 2869 758 2967 predictum
776 2870 907 2944 festum
925 2870 1110 2946 solutionis
1125 2888 1212 2946 tunc
1235 2873 1320 2946 bene
1337 2872 1456 2947 licebit
1475 2872 1606 2973 Majori
1623 2889 1659 2946 et

453 2971 674 3046 Custodibus
690 2972 848 3073 ejusdem
865 2973 997 3045 Portus
1013 2975 1076 3071 qui
1095 2999 1161 3072 pro
1182 2989 1341 3072 tempore
1358 2973 1490 3048 fuerint
1516 2973 1658 3047 nomine

451 3072 545 3147 dicte
580 3072 857 3146 communitatis
889 3089 926 3145 et
958 3099 1082 3146 eorum
1121 3099 1360 3148 successorum
1394 3075 1430 3148 in
1464 3075 1657 3174 predictam

450 3174 604 3273 placeam
621 3191 713 3248 terre
737 3173 957 3272 distringere,
976 3190 1013 3246 et
1035 3174 1275 3249 districciones
1292 3176 1341 3249 sic
1357 3193 1474 3274 captas
1489 3175 1658 3250 abducere

451 3290 486 3346 et
504 3275 654 3348 retinere
669 3299 854 3374 quousque
883 3273 928 3346 de
944 3273 1106 3372 predicto
1120 3276 1263 3350 redditu
1279 3292 1315 3349 et
1331 3278 1377 3351 de
1394 3273 1560 3350 omnibus
1576 3276 1658 3349 inde

451 3374 633 3475 arreragiis
661 3375 758 3448 illiiis
788 3375 820 3471 (?
834 3372 920 3471 illis)
948 3372 1101 3472 plenarie
1130 3375 1237 3450 fuerit
1266 3376 1485 3454 satisfactum
1512 3394 1548 3451 et
1578 3402 1658 3476 per-

451 3476 635 3550 solutum:
681 3475 708 3550 si
745 3500 833 3549 vero
861 3474 979 3548 dictus
1005 3476 1166 3550 redditus
1199 3494 1315 3552 arctro
1348 3477 1456 3553 fuerit
1489 3480 1525 3550 in
1559 3493 1658 3577 parte

451 3575 508 3649 vel
533 3576 570 3648 in
589 3592 668 3649 toto
692 3577 788 3652 ultra
810 3575 1001 3650 terminum
1029 3576 1215 3651 solutionis
1238 3580 1437 3677 predictum
1463 3605 1524 3678 per
1545 3605 1655 3652 unum

450 3692 656 3776 quarterum
686 3676 767 3749 anni
809 3691 846 3749 et
878 3675 1054 3750 districcio
1090 3679 1264 3752 sufficiens
1297 3679 1341 3753 ad
1383 3681 1541 3754 valorem
1570 3679 1656 3755 dicti

451 3776 611 3851 redditus
628 3775 704 3877 iiij0‘
720 3777 945 3851 denariorum
962 3778 998 3850 in
1012 3778 1169 3876 predicta
1186 3779 1301 3879 placea
1310 3795 1402 3853 terre
1419 3780 1567 3856 inveniri
1585 3806 1657 3854 non

450 3879 593 3977 poterit,
626 3895 712 3951 tunc
743 3877 879 3952 licitum
920 3879 966 3952 sit
1002 3879 1134 3980 Majori
1168 3896 1204 3953 et
1234 3881 1455 3956 Custodibus
1496 3882 1558 3981 qui
1589 3907 1656 3982 pro

451 3995 608 4078 tempore
654 3978 788 4052 fuerint
835 3979 978 4054 nomine
1020 3980 1115 4054 dicte
1151 3981 1426 4056 communitatis
1458 3998 1494 4055 et
1532 4007 1655 4057 eorum

448 4105 688 4154 successorum
704 4079 741 4152 in
759 4079 951 4179 predictam
965 4081 1118 4179 placeam
1131 4098 1224 4155 terre
1241 4107 1321 4156 cum
1340 4083 1412 4157 suis
1422 4083 1655 4183 pertinenciis,

449 4183 485 4256 in
511 4205 819 4281 quorumcumque
848 4205 972 4254 manus
996 4181 1228 4280 imposterum
1258 4184 1451 4273 devenerit,
1486 4184 1655 4258 reintrare

447 4283 606 4356 reseicire
633 4299 668 4357 et
686 4281 860 4380 possidere
886 4281 921 4354 in
938 4298 1032 4356 statu
1049 4282 1200 4381 pristino
1216 4285 1500 4383 imperpetuum:
1520 4310 1656 4359 necnon

447 4383 597 4484 predicti
632 4384 752 4484 Major
784 4400 821 4457 ct
855 4382 1028 4458 Custodes
1062 4384 1272 4459 dimiserunt
1299 4403 1335 4460 et
1365 4385 1508 4461 nomine
1541 4387 1656 4461 tocius
