3728 5258
438 480 484 552 72
797 453 974 528 DOVER
1000 452 1282 528 CHARTERS

438 642 512 717 lieri
531 641 644 741 possit
656 641 756 741 quod
769 639 902 741 dejure
915 657 952 714 et
965 637 1466 714 secundumconsuetudinem
1476 653 1647 737 portuum

439 744 681 844 predictorum
735 739 846 815 fuerit
903 737 1053 814 faciend’
1101 739 1138 814 in
1184 740 1371 841 premissis.
1436 740 1486 812 Et
1532 738 1648 813 dictus

639 842 817 938 Johannes
856 841 1018 942 queritur
1057 842 1156 942 quod
1200 843 1435 1016 puamplures
1487 839 1649 914 homines

442 946 568 1044 Plegir'.
640 943 685 1017 de
715 945 882 1018 Dovorra
916 943 947 1016 ei
982 943 1163 1017 minantur
1226 967 1428 1058 ecorpore
1464 967 1530 1016 suo
1564 939 1650 1114 ppia

441 1163 514 1220 us
543 1060 867 1237 nntt‘llt
894 1069 1050 1243 niduli,
1084 1069 1206 1218 §tlt
1246 1044 1411 1244 {llll
1442 1043 1649 1216 llllml:

441 1247 485 1321 de
522 1249 657 1338 Denne,
686 1245 891 1319 Willelmus
921 1245 1137 1336 Armentier,
1168 1245 1229 1345 qui
1259 1243 1471 1319 invenerunt
1501 1243 1538 1344 pl
1583 1243 1648 1332 'os,

441 1347 603 1422 videlicet
632 1347 876 1448 unusquisque
902 1346 1041 1447 plegius
1067 1344 1220 1436 alterius,
1244 1346 1342 1446 quod
1365 1346 1396 1419 ei
1423 1371 1485 1444 per
1510 1370 1559 1418 nu
1574 1345 1648 1418 lum

441 1449 600 1548 ipsorum
626 1449 824 1548 dampnum
849 1473 911 1522 seu
937 1445 1134 1547 periculum
1159 1446 1306 1522 eveniet.

513 1645 688 1746 lmposita
712 1663 795 1720 sunt
817 1645 971 1739 Johunni
997 1645 1166 1721 Gibboun
1191 1645 1330 1722 diversa
1346 1645 1494 1721 crimina
1509 1672 1590 1746 que,
1610 1662 1651 1720 ut

444 1747 587 1836 dicitur,
609 1746 792 1822 tenderent
808 1747 956 1822 domino
974 1747 1063 1847 Regi
1080 1762 1117 1821 et
1135 1746 1285 1821 Custodi
1303 1749 1463 1847 predicto
1479 1747 1516 1821 in
1543 1772 1652 1848 grave

744 1862 1001 1946 contemptum.
1052 1849 1163 1945 Super
1186 1847 1318 1947 quibus
1340 1848 1459 1924 dictus
1473 1849 1652 1942 Johannes

745 1947 928 2038 allocums,
958 1947 1058 2038 dicit,
1100 1973 1136 2021 se
1169 1948 1215 2022 de
1245 1949 1345 2023 nullo
1374 1951 1474 2124 guod
1503 1948 1652 2024 domino

746 2048 835 2148 Regi
866 2075 927 2122 seu
956 2047 1105 2123 domino
1133 2047 1283 2123 Custodi
1313 2066 1373 2125 ten
1399 2067 1474 2123 eret
1503 2051 1538 2122 in
1567 2074 1649 2124 con·

446 2165 623 2248 temptum
641 2150 685 2223 de
703 2149 804 2222 nullo
820 2147 897 2223 fore
915 2149 1135 2249 culpabilem,
1153 2164 1189 2221 et
1206 2149 1296 2248 petit
1309 2150 1409 2251 quod
1422 2151 1624 2267 inquiretur
1639 2174 1650 2239 ;

445 2252 503 2324 Set
529 2250 700 2350 cognovit
716 2266 753 2323 et
776 2247 909 2323 fatetur
930 2251 1029 2350 quod
1050 2273 1132 2324 cum
1149 2250 1296 2349 quidem
1313 2251 1500 2325 Michaelis
1518 2253 1652 2326 Bakere

445 2377 512 2451 pro
536 2349 686 2425 diversis
712 2349 920 2424 criminibus
945 2351 1095 2425 domino
1123 2350 1211 2450 Regi
1238 2350 1303 2425 sibi
1331 2351 1517 2450 impositis,
1549 2369 1585 2426 et
1615 2353 1651 2426 in

446 2451 588 2552 prisona
603 2452 648 2526 de
663 2451 846 2526 Sandwico
861 2451 1103 2541 detenebatur‚
1116 2467 1152 2524 et
1165 2476 1228 2548 per
1240 2451 1437 2527 Custodem
1454 2454 1653 2552 predictum

439 2553 565 2654 jussus
581 2567 655 2625 erat
672 2551 708 2623 in
727 2551 868 2651 prisona
885 2553 995 2626 teneri
1013 2553 1086 2626 sine
1102 2550 1356 2630 deliberacione
1373 2553 1472 2643 facta,
1493 2581 1536 2630 eo
1553 2556 1652 2655 quod

621 2651 714 2724 facta
759 2679 821 2726 sua
861 2653 1011 2728 domino
1054 2651 1143 2752 Regi
1185 2672 1301 2729 essent
1343 2655 1581 2757 prejudicialia
1611 2671 1653 2730 ut

446 2755 552 2828 Finis.
622 2752 859 2828 *dicicebstur
884 2754 1020 2828 dictum
1047 2753 1267 2828 Michaelum
1297 2755 1506 2832 deliberavit
1531 2773 1654 2832 contra

621 2851 807 2929 defensum
850 2856 1061 2954 predictum,
1104 2869 1140 2928 et
1181 2854 1265 2929 inde
1306 2857 1428 2955 posuit
1465 2884 1502 2931 se
1538 2857 1653 2958 gracia

447 2954 597 3046 domini,
627 2971 694 3029 etc.
750 2956 801 3029 Et
835 2955 1006 3032 deceteris
1043 2981 1114 3057 que
1152 2953 1217 3028 sibi
1244 2957 1471 3058 imponentur
1500 2975 1652 3034 nonest

623 3054 820 3155 culpabilis,
858 3074 894 3132 et
924 3058 1013 3158 petit
1042 3056 1143 3158 quod
1172 3055 1383 3156 inquiratur.
1435 3059 1521 3134 Ideo
1549 3058 1654 3133 datus

447 3157 562 3256 Plegr'i.
620 3173 675 3230 est
703 3157 735 3230 ei
765 3157 841 3233 dies
873 3159 966 3256 apud
1007 3161 1210 3232 Dovorram
1250 3159 1295 3232 ad
1328 3159 1508 3234 ecclesiam
1537 3159 1652 3234 Sancti

449 3359 486 3434 G
575 3357 596 3373 ..
621 3257 744 3351 Jacobi
792 3259 850 3332 die
894 3258 995 3352 Jovis
1037 3259 1202 3358 proximo
1243 3275 1322 3334 ante
1363 3259 1496 3334 festum
1538 3259 1654 3336 Sancti

488 3383 549 3431 eor
588 3385 610 3430 1.

522 3383 675 3532 Epsunt
690 3458 767 3560 ejus
780 3476 1047 3558 manucaptores
1148 3461 1344 3535 Nicholaus
1367 3461 1570 3562 Eppeloun‚

1148 3563 1278 3636 Petrus
1301 3563 1429 3653 Reade,

1150 3662 1334 3738 Arnaldus
1354 3665 1489 3752 Broun,

1150 3762 1328 3838 Robertus
1344 3765 1388 3838 de
1406 3765 1596 3840 Caustone.

523 4074 700 4170 Johannes
711 4074 812 4149 Pirot
823 4075 908 4151 tulit
919 4075 1039 4150 billam
1053 4103 1175 4151 versus
1190 4077 1369 4180 Majorem
1387 4079 1469 4155 ville
1486 4082 1531 4157 de
1547 4083 1658 4158 Sand-

449 4175 538 4250 wico
568 4175 612 4249 de
642 4175 772 4277 placito
805 4177 1094 4278 transgressionis
1122 4196 1231 4279 prout
1261 4196 1358 4280 patet
1387 4181 1424 4256 in
1453 4183 1547 4258 dicta
1575 4184 1659 4258 billa
