3702 5254
486 459 557 534 372
844 442 1020 518 DOVER
1045 441 1321 519 CHAR'OERS

483 663 724 716 suceessorum
750 657 954 718 nostrorum
978 643 1197 719 conducend’
1220 660 1258 719 et
1282 641 1544 743 mmporund’
1569 669 1590 718 a
1612 643 1694 742 ripn

483 757 609 840 portus
645 741 740 818 dicte
758 743 858 818 *vine
887 743 933 818 de
967 745 1094 819 Dovor
1123 745 1169 820 rd
1202 769 1309 819 naves
1344 744 1382 818 in
1415 745 1542 818 eodem
1583 761 1691 842 portu

481 843 671 918 existentes
694 860 756 919 rut
778 845 822 918 ad
843 869 949 919 naves
968 845 1005 920 in
1028 845 1101 921 ulto
1123 847 1210 920 mari
1238 871 1350 946 prope
1368 845 1522 920 eundem
1546 863 1691 944 portum

483 943 528 1017 ad
554 968 720 1018 ancorum
743 945 911 1046 jacentes,
937 963 975 1021 et
1000 973 1021 1020 r
1049 945 1199 1022 navibus
1226 945 1297 1020 illis
1325 947 1371 1021 sd
1392 945 1506 1046 ripam
1532 945 1690 1047 ejusdem

482 1059 608 1160 portus
630 1047 829 1121 conducent
855 1061 892 1120 ct
916 1047 1207 1146 uansportsbunt
1231 1046 1277 1121 de
1302 1063 1463 1146 tempore
1487 1047 1525 1121 in
1549 1063 1691 1147 tempus

482 1162 747 1244 imperpetuum
779 1147 900 1239 libere,
931 1147 1062 1250 ubsque
1095 1148 1214 1249 aliqua
1245 1147 1539 1223 allocutionem!
1572 1148 1690 1248 aliqua

482 1249 629 1346 pecunie
646 1273 784 1322 summu
805 1274 868 1322 seu
885 1248 1005 1350 aliquo
1021 1249 1091 1323 alio
1110 1275 1179 1351 pro
1195 1249 1277 1324 inde
1293 1249 1429 1325 euobis
1449 1247 1636 1324 heredibus
1651 1264 1689 1323 et

480 1347 737 1426 successoribus
762 1349 890 1424 nostris
914 1351 1124 1449 impetrand’
1150 1377 1212 1425 seu
1244 1350 1504 1452 prosequend’:
1541 1351 1598 1424 Ac
1623 1375 1689 1424 nos

481 1449 627 1524 heredes
657 1467 694 1526 et
731 1475 949 1525 successores
982 1469 1134 1544 nostros,
1166 1451 1212 1526 de
1252 1451 1419 1526 omnibus
1451 1450 1621 1526 oneribus
1652 1467 1690 1525 et

479 1549 705 1626 denariorum
730 1551 880 1626 summis
904 1551 942 1626 in
958 1569 995 1626 et
1020 1551 1111 1628 eirea
1133 1552 1472 1652 mnsportacionem
1497 1552 1689 1626 earundem

478 1649 675 1726 litterartun
709 1651 747 1727 in
788 1650 905 1728 formo
945 1653 1104 1752 predicta
1144 1653 1338 1728 sustinend'
1371 1654 1416 1729 de
1457 1670 1618 1752 tempore
1651 1654 1687 1726 in

478 1767 631 1852 tempus,
648 1755 890 1830 exonerabunt
902 1771 940 1829 et
951 1753 1182 1855 squietabunt
1195 1755 1483 1854 imperpetuum:
1511 1753 1569 1828 Eo
1587 1755 1686 1854 quod

478 1879 638 1954 expressa
662 1855 868 1931 menciode
891 1881 979 1931 vero
999 1855 1118 1932 valore
1140 1880 1258 1930 annuo
1285 1871 1347 1930 sut
1372 1855 1583 1929 certitudine
1607 1881 1688 1954 pre-

479 1955 678 2047 missorum,
695 1957 752 2030 vel
776 1982 899 2032 eorum
924 1957 1080 2060 alicujus,
1108 1973 1171 2031 sut
1194 1957 1242 2030 de
1265 1955 1342 2030 aliis
1365 1955 1471 2031 donis
1494 1955 1569 2030 sive
1602 1981 1688 2030 con-

477 2055 691 2130 cessionibus
701 2083 764 2174 per
780 2083 857 2151 nos,
874 2058 931 2132 vel
942 2083 1005 2158 per
1017 2059 1171 2159 aliquem
1184 2057 1455 2158 progenitorum
1467 2072 1683 2146 nostrorum,

477 2155 623 2256 prefatis
640 2159 785 2259 Majori
802 2159 947 2254 Jurrtis,
971 2176 1009 2234 et
1026 2159 1286 2234 communitati
1302 2158 1460 2257 predicte
1485 2159 1542 2232 vei
1565 2174 1685 2232 nostre

476 2257 521 2332 de
548 2260 677 2333 Dovor
705 2275 787 2333 ante
815 2260 879 2333 hec
905 2276 1069 2360 tempora
1097 2259 1199 2334 factis
1228 2259 1265 2334 in
1290 2259 1512 2358 presentibus
1537 2259 1685 2334 minime

475 2357 568 2434 facta
582 2361 718 2450 existat,
736 2379 796 2435 aut
812 2361 932 2461 aliquo
948 2377 1094 2450 statuto,
1110 2378 1203 2450 actu,
1221 2361 1455 2453 ordinacione,
1471 2360 1686 2460 provisione,

473 2459 550 2534 sive
581 2461 806 2537 restriccione
830 2461 912 2536 inde
945 2461 1199 2537 incontrarium
1241 2461 1344 2536 factis
1375 2462 1481 2536 editis
1512 2461 1686 2537 ordinatis

474 2585 537 2636 seu
553 2561 717 2660 provisis,
734 2579 795 2638 aut
816 2563 933 2664 aliqua
957 2564 1024 2638 alia
1040 2589 1078 2636 re
1094 2589 1196 2638 causa
1207 2563 1262 2638 vel
1281 2563 1427 2637 materia
1448 2586 1683 2663 quacumque,

476 2663 513 2736 iu
529 2661 651 2762 aliquo
667 2689 739 2738 non
755 2661 927 2740 obstante

551 2762 595 2836 lu
623 2789 738 2858 quus
767 2787 830 2840 rm
859 2787 1131 2840 rusrruoururr
1163 2765 1225 2838 hos
1261 2763 1396 2838 litteras
1437 2777 1574 2839 nostras
1607 2764 1683 2837 fieri

474 2861 623 2938 fecimus
638 2881 807 2964 patentes.

549 2966 677 3038 Tusrs
699 2991 756 3039 me
772 2967 848 3066 ipsa
872 2965 966 3066 apud
983 2963 1342 3040 westmonasterium
1365 2963 1536 3038 vicesimo
1555 2981 1684 3039 octavo

473 3065 531 3140 die
565 3065 780 3140 Novembris
808 3093 901 3142 anno
929 3066 1029 3167 regni
1056 3067 1167 3141 nostri
1195 3066 1324 3165 primo.
1390 3066 1474 3163 (Per
1500 3065 1607 3141 breve
1637 3069 1683 3141 de

473 3167 615 3266 privato
632 3165 762 3266 sigilio.
815 3167 888 3242 Per
902 3166 1034 3265 Hare.)
