3702 5254
449 463 521 538 30²
812 438 992 515 DOVER
1020 438 1298 514 CHARTERS

445 667 525 717 mus
558 667 620 742 per
660 656 837 741 presentes
878 639 1027 715 habend'
1062 639 1194 714 eisdem
1241 639 1387 740 Majori,
1428 640 1578 730 Ballivo,
1620 657 1657 712 et

446 743 705 818 Communitati
740 742 784 816 de
809 742 912 816 dono.
941 759 1064 815 nostro
1093 741 1223 840 absque
1248 755 1417 838 compoto
1442 741 1561 841 aliquo
1594 765 1655 814 seu

446 844 567 944 aliquo
592 843 661 916 alio
687 842 769 917 inde
795 843 897 916 nobis
920 842 1090 917 reddend’
1116 842 1277 916 solvend’
1294 867 1357 916 seu
1384 840 1542 916 faciend’.
1594 844 1654 914 Ac

445 945 615 1019 insueta
651 945 900 1042 perdonamus,
942 943 1170 1031 remittimus,
1209 960 1246 1018 et
1289 943 1482 1016 relaxamus
1522 943 1655 1018 eisdem

447 1044 595 1162 Majori,
611 1045 762 1134 Ballivo,
778 1062 816 1120 et
840 1044 1101 1119 Communitati
1119 1069 1242 1118 omnes
1263 1044 1361 1131 fines,
1379 1043 1654 1145 redempciones,

446 1146 699 1235 forisfacturas,
734 1163 770 1220 et
814 1145 1118 1245 transgressiones,
1157 1171 1224 1243 pro
1266 1145 1452 1246 maritagio
1485 1171 1653 1246 quarum·

445 1273 599 1348 cumque
617 1247 805 1322 viduarum
824 1265 1036 1336 nostrarum,
1051 1247 1127 1320 sive
1144 1245 1292 1347 alicujus
1308 1245 1416 1320 vidue
1433 1262 1563 1336 nostre,
1581 1247 1654 1320 sive

446 1349 637 1423 viduarum
672 1367 885 1437 nostrarum,
927 1365 989 1422 aut
1023 1348 1131 1423 vidue
1173 1347 1247 1421 sive
1284 1347 1475 1421 viduarum
1509 1345 1655 1422 alicu'us

446 1450 715 1550 progenitorum
758 1466 975 1540 nostrorum,
1009 1465 1045 1522 et
1087 1447 1273 1549 cujuslibet
1315 1448 1520 1565 hujusmodi
1546 1373 1656 1522 vidue

446 1568 507 1625 aut
557 1551 758 1640 viduarum,
818 1576 884 1649 pro
941 1549 1135 1650 maritagiis
1184 1548 1256 1622 suis
1317 1549 1503 1650 cujuslibet
1555 1549 1656 1622 here·

447 1654 534 1727 dum
586 1650 819 1725 ffemellarum
881 1651 1081 1725 tenencium
1130 1665 1344 1740 nostrorum,
1397 1668 1459 1724 aut
1508 1650 1655 1751 alicujus

447 1753 718 1854 progenitorum
754 1767 970 1842 nostrorum,
1000 1752 1074 1826 sine
1108 1750 1251 1825 licencia
1284 1751 1380 1852 regia
1412 1768 1495 1824 ante
1519 1751 1655 1825 dictum

447 1855 542 1929 diem
586 1853 851 1928 maritatarum:
907 1853 1058 1927 Necnon
1100 1853 1222 1928 omnia
1262 1853 1379 1926 exitus
1419 1869 1456 1926 et
1498 1852 1655 1952 proficua

447 1955 609 2030 omnium
661 1971 698 2028 et
749 1953 971 2054 singulorum
1024 1953 1275 2042 maneriorum,
1324 1971 1511 2042 terrarum,
1557 1971 1656 2028 tene·

447 2073 664 2144 mentorum,
694 2054 886 2143 redditum,
913 2055 1184 2153 possessionum,
1211 2053 1583 2141 hereditamentorum,
1616 2080 1655 2126 ac

447 2158 694 2244 wardatorum,
728 2171 764 2228 et
801 2155 1066 2256 maritagiorum
1106 2180 1415 2255 quorumcumque
1455 2154 1654 2229 tenencium

446 2275 482 2331 et
516 2257 703 2331 viduarum
738 2255 975 2354 predictarum
1009 2273 1045 2329 et
1078 2256 1252 2330 heredum
1281 2254 1501 2330 femellarum
1531 2273 1656 2330 tenen·

446 2359 541 2432 cium
585 2373 801 2447 nostrorum,
846 2373 908 2430 aut
950 2356 1147 2432 tenentium
1190 2356 1338 2457 alicujus
1382 2357 1652 2456 progenitorum

448 2476 662 2548 nostrorum,
697 2457 771 2532 sive
805 2458 1091 2556 predecessorum
1135 2475 1353 2547 nostrorum,
1398 2457 1655 2559 cujuscumque

447 2558 631 2660 dignitatis
669 2559 726 2631 vel
768 2559 985 2633 condicionis
1027 2558 1134 2632 fuerit
1178 2557 1234 2632 vel
1273 2557 1419 2648 fuerint,
1453 2585 1517 2660 per
1560 2560 1655 2658 ipsos

447 2661 638 2762 Majorem,
672 2659 862 2747 Ballivum,
895 2677 931 2733 et
974 2659 1289 2748 Communitatem,
1331 2676 1412 2733 ante
1453 2661 1653 2759 predictum

446 2762 655 2837 vicesimum
689 2760 839 2835 tercium
868 2760 975 2851 diem,
1010 2760 1139 2860 quovis
1172 2761 1281 2834 modo
1315 2760 1433 2834 habita
1471 2761 1545 2834 sive
1573 2786 1654 2860 per-

447 2879 558 2963 cepta,
593 2860 724 2936 eisdem
761 2861 907 2962 Majori,
944 2860 1083 2952 Ballivi,
1112 2877 1148 2934 et
1176 2860 1437 2935 Communitati
1466 2863 1592 2936 damus
1617 2879 1653 2935 et

446 2963 673 3038 concedimus
701 2988 764 3062 per
793 2980 971 3061 presentes
999 2961 1129 3062 absque
1156 2980 1326 3060 compoto
1352 2989 1412 3037 scu
1439 2963 1558 3064 aliquo
1584 2962 1653 3036 alio

447 3090 513 3164 pro
538 3065 620 3139 inde
646 3062 747 3137 nobis
772 3063 828 3136 vel
849 3062 1037 3138 heredibus
1054 3063 1184 3138 nostris
1200 3063 1384 3154 reddend‘,
1401 3065 1573 3152 solvend’,
1591 3089 1652 3136 seu

447 3165 620 3240 faciend':
668 3165 942 3239 Paaoounuus
976 3165 1120 3262 insuper
1148 3165 1362 3239 remittimus
1387 3182 1424 3238 et
1458 3168 1654 3239 relaxamus

446 3267 578 3344 eisdem
612 3265 758 3380 Majori,
790 3264 938 3354 Ballivo,
968 3281 1004 3337 et
1034 3264 1296 3339 Communitati
1324 3267 1531 3341 omnimoda
1557 3282 1654 3340 vasta

444 3384 481 3441 et
510 3367 768 3441 destrucciones
796 3390 1029 3465 quecumque,
1059 3384 1139 3440 ante
1169 3366 1305 3441 dictum
1336 3366 1542 3440 vicesimum
1581 3383 1653 3440 ter-

446 3469 541 3542 cium
560 3467 653 3542 diem
674 3466 822 3564 Aprilis,
844 3492 906 3566 per
929 3467 1022 3564 ipsos
1051 3467 1240 3568 Majorem,
1270 3467 1461 3556 Ballivum,
1489 3483 1524 3541 et
1543 3467 1651 3541 Com·

447 3568 659 3642 munitatem
689 3565 781 3640 facta
810 3567 845 3640 in
875 3567 1157 3667 quibuscumque
1188 3568 1299 3658 terris,
1334 3569 1557 3657 tenementis,
1590 3593 1652 3641 seu

446 3667 732 3742 hereditamentis
749 3667 1000 3767 cujuscumque
1016 3694 1176 3767 persone,
1189 3694 1258 3768 que
1275 3685 1337 3758 est,
1350 3685 1411 3742 aut
1432 3667 1514 3758 fuit,
1532 3669 1653 3768 aliquo

446 3787 606 3868 tempore
623 3770 659 3842 in
683 3767 841 3843 custodia
861 3784 990 3857 nostra,
1013 3785 1073 3843 aut
1100 3769 1246 3870 alicujus
1273 3770 1543 3869 progenitorum
1570 3795 1654 3843 nos-

446 3889 597 3960 trorum,
622 3870 757 3944 ratione
778 3869 932 3970 junioris
957 3869 1061 3943 etatis
1087 3870 1244 3970 ejusdem
1271 3871 1433 3944 heredis:
1460 3871 1510 3946 Et
1530 3896 1654 3944 omnes

445 3973 563 4046 exitus
596 3989 632 4044 et
663 3969 819 4070 proficua
847 3970 1042 4043 eorundem
1074 3986 1258 4060 terrarum,
1288 3988 1586 4062 tenementorum,
1616 3988 1653 4045 et

446 4073 806 4147 hereditamentorum
824 4071 934 4170 ipsius
950 4070 1098 4160 heredis,
1114 4097 1152 4144 ac
1170 4072 1365 4147 custodiam
1379 4089 1415 4146 et
1428 4073 1652 4174 maritagium

444 4173 604 4275 ejusdem
622 4172 784 4247 heredis:
812 4172 863 4246 Et
880 4199 986 4246 omne
1007 4173 1043 4247 id
1060 4173 1157 4272 quod
1184 4174 1228 4247 ad
1256 4199 1322 4248 nos
1348 4174 1485 4248 ratione
1507 4173 1653 4274 alicujus

320 4311 323 4321 ·
446 4275 648 4376 hujusmodi
671 4275 759 4348 vasti
781 4273 1033 4348 destruccionis
1057 4273 1221 4372 pertinet,
1239 4299 1300 4349 scu
1322 4276 1496 4374 pertinere
1522 4275 1652 4375 poterit
