3728 5258
801 411 978 488 DOVER
1003 409 1283 490 CHARTERS

944 707 1147 790 XXXI.

731 909 833 994 xxiiij
855 909 1088 992 Septembris,
1109 923 1152 992 49
1172 909 1274 978 Edu.
1296 911 1362 979 111.

439 1091 587 1164 Scrnn‘r
614 1105 792 1208 presentes
822 1105 860 1164 et
885 1087 1000 1164 futuri
1025 1089 1125 1190 quod
1149 1087 1329 1184 Johannes
1346 1090 1502 1188 Monyn,
1519 1088 1646 1180 senior,

441 1192 563 1294 Major
592 1191 677 1266 ville
705 1191 881 1282 Dovorre,
911 1206 948 1264 et
977 1189 1136 1290 ejusdem
1165 1189 1250 1265 ville
1276 1190 1404 1285 Jurati,
1433 1190 1479 1264 de
1508 1215 1647 1265 assensu

440 1293 551 1368 totius
568 1291 843 1368 Communitatis
859 1306 1105 1366 concesserunt
1122 1306 1158 1365 et
1175 1290 1327 1390 presenti
1357 1307 1451 1366 carta
1467 1291 1649 1367 indentata

439 1394 485 1468 ad
510 1392 609 1469 feodi
635 1393 772 1467 firmam
798 1392 1008 1466 dimiserunt
1035 1391 1198 1466 Roberto
1219 1391 1382 1466 Swanton
1399 1391 1445 1468 de
1460 1394 1595 1485 eadem,
1612 1410 1648 1468 et

437 1493 611 1590 Johanne,
638 1494 740 1569 uxori
757 1493 846 1595 ejus,
863 1493 1042 1594 quandam
1058 1509 1188 1566 terram
1206 1517 1351 1568 vacuam
1368 1493 1538 1568 'acentern
1556 1493 1649 1568 infra

439 1596 638 1672 libertatem
665 1611 789 1694 portus
815 1597 980 1668 Dovorre
1006 1594 1043 1667 in
1064 1595 1304 1669 Derremanne
1372 1595 1467 1688 arde,
1485 1594 1648 1670 videlicet

441 1698 533 1772 inter
545 1697 678 1797 regiam
690 1711 836 1769 stratam
846 1720 967 1769 versus
977 1693 1181 1784 southwest,
1194 1711 1230 1769 et
1242 1694 1400 1769 salaciam
1412 1695 1517 1768 maris
1529 1721 1649 1769 versus

441 1797 631 1886 northeast,
642 1813 678 1870 et
688 1813 817 1869 terram
826 1794 1137 1894 JohannisWylde
1146 1821 1270 1870 versus
1280 1796 1459 1870 southesst
1474 1823 1482 1870 ε
1498 1797 1647 1871 habend’

440 1914 478 1972 et
493 1894 637 1971 tenend’
655 1896 850 1996 predictam
867 1912 996 1970 terram
1023 1920 1105 1969 cum
1132 1897 1204 1970 suis
1230 1896 1455 1994 pertinenciis
1481 1897 1648 1996 predictis

442 1998 604 2073 Roberto
615 2013 652 2072 et
662 1997 835 2093 Johanne,
853 1998 955 2071 uxori
972 1995 1058 2097 ejus,
1076 1996 1262 2071 heredibus
1274 2013 1311 2071 et
1326 2022 1450 2072 eorum
1466 1997 1648 2099 assignatis

441 2100 719 2199 imperpetuum,
735 2095 885 2173 faciend’
912 2097 994 2172 inde
1022 2097 1210 2171 servicium
1235 2099 1371 2173 domini
1396 2098 1489 2199 regis
1505 2100 1649 2199 quando

441 2200 598 2275 evenerit
613 2197 1110 2275 secundumconsuetudinem
1123 2213 1248 2296 portus
1290 2199 1414 2274 redicti
1428 2217 1464 2274 et
1476 2200 1647 2275 reddend'

443 2301 525 2375 inde
541 2300 726 2375 annuatim
742 2299 899 2399 predicte
916 2299 1173 2373 Communitati
1190 2300 1235 2374 ad
1268 2317 1383 2374 estum
1402 2301 1533 2374 Pascha
1557 2300 1648 2375 duo-

443 2402 556 2476 decim
586 2401 747 2477 denarios
773 2401 894 2474 sterlin
920 2424 1024 2473 orum
1051 2398 1210 2474 annualis
1235 2401 1407 2477 redditus.
1458 2401 1595 2476 Volunt
1611 2417 1648 2475 et

443 2503 642 2577 concedunt
666 2502 816 2600 predicti
841 2425 1020 2575 Roiertus
1044 2516 1080 2575 et
1095 2501 1268 2596 Johanna,
1286 2526 1377 2574 uxor
1393 2501 1480 2604 ejus,
1497 2519 1533 2576 et
1550 2501 1648 2576 here-

442 2604 504 2678 des
521 2605 575 2678 sui
593 2604 692 2705 quod
709 2601 797 2676 bene
813 2602 915 2677 liceat
945 2600 1078 2702 Maj0ri
1094 2617 1131 2675 et
1145 2600 1279 2696 Juratis
1294 2603 1379 2677 ville
1396 2604 1552 2702 predicte
1569 2604 1648 2720 qui·

443 2729 595 2806 cumque
612 2729 679 2802 pro
695 2719 855 2804 tempore
871 2700 1006 2777 fuerint
1023 2719 1060 2776 et
1075 2727 1198 2777 eorum
1211 2704 1397 2777 attornatis
1410 2730 1475 2805 pro
1487 2705 1648 2804 predicto

442 2805 583 2880 annuali
600 2804 745 2878 redditu
760 2803 928 2906 quociens
944 2819 1059 2878 aretro
1076 2801 1236 2877 fueritin
1262 2804 1419 2902 predicta
1444 2821 1538 2880 terra
1567 2831 1647 2880 cum

442 2907 515 2981 suis
551 2904 776 3005 pertinenciis
814 2905 1035 3004 distringere,
1073 2920 1109 2977 et
1142 2903 1384 2978 districciones
1411 2905 1583 2980 abducere
1612 2923 1648 2980 et

442 3008 593 3083 retinere
610 3030 797 3108 quousque
812 3006 858 3080 de
874 3005 1035 3104 predicto
1051 3004 1207 3094 redditu,
1232 3021 1268 3080 et
1293 3006 1338 3080 de
1364 3006 1530 3081 omnibus
1555 3033 1648 3080 arre-

444 3109 550 3210 ragiis
575 3108 734 3210 ejusdem
765 3105 830 3179 sibi
857 3104 967 3179 fuerit
995 3103 1148 3204 plenarie
1178 3103 1376 3180 satisfacta:
1419 3107 1470 3180 Et
1497 3109 1647 3206 predicti

445 3211 566 3312 Major
583 3225 619 3283 et
634 3206 751 3304 Jurati
769 3231 983 3281 successores
1007 3205 1062 3280 sui
1087 3207 1230 3280 nomine
1254 3206 1348 3281 dicte
1374 3207 1649 3284 Communitatis

443 3311 639 3410 predictam
656 3325 785 3383 terram
802 3332 882 3380 cum
910 3306 983 3380 suis
1009 3307 1233 3405 pertinenciis
1258 3305 1402 3408 prefatis
1428 3309 1588 3384 Roberto
1612 3327 1648 3384 et

442 3412 615 3508 Johanne,
633 3409 735 3484 uxori
752 3407 839 3510 ejus,
857 3407 1044 3481 heredibus
1065 3422 1102 3482 et
1127 3433 1251 3481 eorum
1273 3410 1456 3509 assignatis
1477 3435 1545 3509 pro
1567 3437 1648 3511 pre·

443 3513 543 3589 dicto
568 3509 708 3584 annuali
735 3508 879 3582 redditu
905 3524 1028 3582 contra
1054 3533 1177 3582 omnes
1203 3526 1326 3610 gentes
1350 3511 1649 3587 warrantizabunt

443 3614 716 3712 imperpetuum.

518 3715 560 3786 ln
578 3712 678 3813 eujus
693 3709 743 3785 rei
760 3707 1004 3785 testimonium
1023 3709 1176 3808 presenti
1200 3726 1293 3784 carte
1310 3710 1473 3787 *dentate
1490 3712 1646 3814 sigillum

442 3814 548 3889 officii
566 3813 758 3914 majoratus
774 3810 994 3909 presentibus
1010 3827 1063 3884 est
1079 3834 1284 3910 appensum.

518 3918 613 3989 Data
628 3915 793 3987 Dovorra
810 3911 977 3986 vicesimo
993 3927 1121 4010 quarto
1137 3911 1195 3985 die
1211 3911 1426 4008 Septembris
1442 3938 1536 3987 anno
1548 3915 1648 4015 regni

444 4017 552 4116 Regis
569 4013 751 4105 Edwardi,
768 4011 866 4086 tercii
884 4028 965 4110 post
981 4027 1214 4111 conquestum
1226 4013 1370 4112 Anglie,
1381 4013 1650 4115 quadragesimo

446 4144 552 4210 nono,
569 4115 668 4215 regni
686 4138 772 4188 vero
788 4113 842 4186 sui
860 4111 1001 4187 ffrancie
1019 4111 1196 4187 tricesimo
1212 4128 1322 4188 sexto.

446 4327 531 4436 [ss]
