3748 5266
803 443 983 519 DOVER
1008 443 1291 519 CHARTERS

916 807 1167 925 sxxrx.

838 1019 876 1085 ix
897 1018 994 1100 Julii,
1019 1017 1179 1087 11Edw.
1204 1018 1263 1086 1v.

438 1172 666 1248 Eowauuus
695 1173 753 1250 dci
782 1173 897 1274 gracia
923 1176 999 1247 Rex
1023 1174 1154 1274 Anglie
1179 1190 1216 1248 et
1238 1175 1381 1250 ffrancie
1410 1191 1447 1248 et
1472 1174 1649 1250 Dominus

441 1274 630 1365 Hibernie,
657 1275 823 1349 omnibus
839 1276 882 1350 ad
908 1301 999 1376 quos
1024 1292 1203 1376 presentes
1226 1275 1345 1350 littere
1374 1276 1648 1376 pervenerint-

440 1375 604 1454 Salutem.
656 1377 778 1451 Sciatis
815 1377 913 1476 quod
943 1402 1024 1450 cum
1066 1376 1245 1452 libertates
1272 1393 1308 1451 et
1342 1375 1533 1451 franchesie
1566 1376 1649 1452 ville

441 1494 560 1551 nostre
576 1480 753 1568 Dovorre,
769 1494 805 1551 et
824 1478 1067 1551 membrorum
1092 1477 1261 1579 ejusdem,
1278 1480 1314 1551 in
1332 1478 1494 1553 manibus
1520 1478 1648 1551 nostris

441 1603 508 1677 pro
532 1578 799 1652 rationabilibus
814 1594 850 1652 et
875 1578 1061 1679 legittimis
1078 1581 1191 1652 causis
1216 1579 1332 1652 seisite
1356 1579 1518 1654 existant.
1570 1579 1649 1651 Nos

441 1704 507 1777 pro
541 1678 634 1769 inde,
670 1705 737 1779 pro
770 1705 851 1753 sana
884 1696 920 1752 et
954 1679 1160 1754 condecenti
1194 1679 1452 1779 gubernacione
1485 1697 1521 1753 et
1555 1678 1647 1753 felici

441 1780 611 1880 regimine
638 1779 719 1854 ville
736 1796 771 1853 et
798 1779 1039 1854 membrorum
1065 1780 1306 1880 predictorum
1329 1798 1365 1854 et
1390 1782 1512 1879 populi
1538 1781 1648 1854 nostri

438 1882 644 1968 eorundem,
681 1907 721 1954 ac
754 1906 820 1978 pro
852 1881 1037 1954 securitate
1074 1899 1269 1955 oeterorum
1304 1883 1348 1956 ad
1382 1883 1503 1956 eadem
1538 1881 1649 1955 indies

440 1981 707 2070 confluencium,
745 2007 880 2055 necnon
922 1982 998 2056 aliis
1040 1983 1253 2057 notabilibus
1285 1984 1331 2058 de
1364 1983 1476 2057 causis
1516 2008 1580 2057 nos
1613 1999 1649 2056 et

440 2082 626 2157 consilium
666 2097 827 2156 nostrum
869 2082 1064 2181 specialiter
1098 2082 1333 2173 moventibus,
1366 2101 1473 2182 prout
1506 2085 1550 2158 ad
1585 2108 1649 2156 nos

440 2185 567 2257 attinet
593 2183 712 2258 debite
738 2182 937 2280 providere,
955 2183 1122 2272 volentes,
1144 2209 1182 2258 ac
1208 2209 1347 2258 assensu
1372 2202 1409 2259 ct
1433 2185 1650 2258 avisamento

441 2285 598 2385 ejusdem
628 2285 764 2358 consilii
799 2284 922 2374 nostri,
956 2285 1202 2358 constituimus
1235 2284 1404 2360 dilectum
1437 2303 1474 2359 et
1510 2286 1648 2360 fidelem

441 2403 601 2459 nostrum
618 2386 798 2460 Thomam
813 2384 1009 2477 Hexstalle,
1026 2384 1072 2460 dc
1089 2386 1188 2487 cujus
1206 2386 1374 2461 fidelitate
1383 2402 1419 2460 et
1435 2386 1650 2461 discrecione

442 2487 580 2587 plenam
628 2486 792 2560 fiduciam
828 2503 1060 2584 reportamus,
1103 2487 1285 2561 custodem
1333 2487 1415 2561 ville
1458 2502 1576 2560 nostre
1614 2505 1650 2561 et

442 2588 681 2661 membrorum
708 2587 949 2686 predictorum
975 2589 1145 2687 quamdiu
1171 2615 1235 2662 nos
1259 2588 1402 2686 placuit,
1424 2588 1593 2686 [Dantes]
1612 2605 1649 2661 ct

443 2689 673 2763 concedentes
702 2689 746 2778 ei,
776 2706 898 2762 tenore
928 2690 1157 2787 presencium,
1186 2690 1325 2788 plenam
1353 2706 1389 2763 et
1418 2688 1647 2763 sufficientem

441 2792 688 2865 auctoritatem
721 2805 758 2863 et
791 2805 1003 2888 potestatem
1036 2790 1158 2864 eadem
1188 2791 1309 2864 villam
1339 2807 1376 2864 et
1410 2790 1578 2880 membra,
1613 2806 1649 2861 et

443 2891 614 2990 populum
633 2907 795 2965 nostrum
816 2891 1023 2977 eorundem,
1041 2915 1080 2964 ac
1097 2890 1183 2964 alios
1207 2891 1251 2964 ad
1268 2891 1390 2964 eadem
1417 2890 1647 2979 confluentes,

442 2993 586 3092 regend’
620 3009 656 3065 et
689 2991 907 3093 gubernand'
935 3017 974 3064 ac
1007 2993 1126 3065 omnia
1158 2991 1224 3064 alia
1264 3008 1300 3064 et
1332 2992 1471 3090 singula
1502 3017 1572 3091 que
1605 2991 1649 3064 ad

442 3095 578 3168 bonum
602 3094 760 3194 regimen
776 3110 812 3166 et
837 3117 956 3166 sanam
976 3092 1269 3192 gubernacionem
1294 3093 1488 3167 eorundem
1513 3092 1597 3166 ville
1613 3109 1648 3165 ct

442 3195 685 3268 membrorum
720 3195 908 3293 pertinent,
947 3193 1053 3292 juxta
1093 3195 1187 3291 leges
1229 3208 1265 3266 et
1307 3193 1577 3268 consuetudines
1611 3193 1648 3266 in

441 3297 574 3369 eisdem
617 3295 700 3370 villa
736 3311 772 3367 et
806 3293 972 3368 membris
1000 3294 1096 3393 juste
1128 3311 1165 3367 et
1198 3293 1451 3368 rationabiliter
1484 3294 1650 3369 haetenus

442 3398 587 3471 usitatas
616 3393 766 3469 faciend’
797 3395 1001 3468 excercend’
1034 3410 1071 3468 et
1094 3397 1301 3494 exequend’,
1333 3421 1469 3471 necnon
1500 3393 1649 3468 habend’

442 3499 556 3572 clavas
584 3512 621 3570 et
650 3495 829 3569 ministros
858 3510 965 3595 prout
994 3495 1142 3597 majores
1171 3496 1253 3570 ville
1286 3497 1442 3594 predicte
1471 3496 1649 3586 hactenus,

443 3598 576 3672 virtute
617 3597 813 3695 aliquarum
864 3595 1067 3670 libertatum
1109 3621 1171 3696 per
1213 3621 1277 3669 nos
1327 3614 1363 3670 et
1406 3597 1650 3697 progenitores

443 3716 583 3773 nostros
607 3697 690 3772 inde
715 3721 973 3786 concessorum,
990 3697 1199 3784 habuerunt,
1217 3721 1402 3798 quousque
1428 3723 1495 3795 pro
1519 3697 1651 3798 guber-

443 3802 587 3874 nacione
627 3799 822 3872 eorundem
865 3796 947 3872 ville
988 3813 1024 3872 et
1067 3798 1308 3872 membrorum
1350 3799 1451 3874 aliter
1482 3799 1651 3872 duximus

443 3900 653 3976 ordinand’:
691 3899 828 3971 Damus
860 3899 967 3972 etiam
1010 3899 1179 3973 ministris
1222 3899 1303 3972 ville
1335 3917 1371 3973 ct
1409 3900 1650 3973 membrorum

444 4002 695 4101 predictorum,
727 4024 863 4074 necnon
892 3999 1062 4075 universis
1081 4018 1117 4074 et
1140 3999 1288 4100 singulis
1318 4000 1480 4075 fidelibus
1504 4017 1540 4073 et
1567 4001 1651 4073 sub-

443 4103 529 4177 ditis
557 4103 686 4176 nostris
719 4102 914 4176 eorundem
948 4101 1031 4174 ville
1064 4118 1100 4174 et
1134 4100 1387 4192 membrorum,
1414 4117 1536 4176 tenore
1570 4127 1650 4201 pre-

442 4205 599 4278 sencium
625 4203 773 4276 firmiter
798 4203 835 4276 in
862 4202 1035 4277 mandatis
1056 4203 1155 4302 quod
1179 4203 1295 4278 eidem
1312 4203 1466 4293 Thome,
1483 4219 1650 4303 tanquam

442 4305 579 4380 custodi
605 4304 783 4379 dictorum
810 4303 893 4378 ville
921 4321 958 4377 et
984 4304 1234 4394 membrorum,
1255 4303 1291 4377 in
1322 4304 1581 4404 omnibusque
1606 4304 1650 4377 ad
