3728 5258
461 470 529 544 126
816 469 997 546 noves
1024 472 1303 549 crmnrens

921 826 923 828 -
1008 772 1053 854 X
1066 772 1114 856 L.

727 891 730 898 ⁴
817 947 891 1030 arro
912 949 1081 1033 numae
1104 949 1144 1016 ιο
1164 949 1241 1018 rue.
1265 950 1311 1018 u.

454 1128 601 1203 Scraur
635 1142 813 1226 presentes
846 1144 883 1201 et
918 1127 1031 1203 futuri
1067 1130 1165 1229 quod
1201 1153 1270 1229 ego
1303 1130 1471 1205 dominus
1504 1131 1664 1203 Thomas

454 1229 578 1328 Wyte,
607 1243 723 1301 rector
752 1227 894 1302 ecclesie
923 1229 1130 1330 parochialis
1158 1230 1273 1304 Sancti
1300 1231 1472 1326 Johannis
1492 1230 1662 1331 Baptiste,

455 1331 632 1418 Dovorre,
650 1328 733 1404 dedi
750 1331 914 1424 concessi,
932 1346 967 1405 et
984 1331 1049 1404 hac
1066 1330 1220 1430 presenti
1241 1347 1335 1407 carta
1351 1357 1429 1406 mea
1445 1329 1661 1417 confirmavi,

454 1430 599 1503 Thome
628 1446 701 1505 atte
730 1431 894 1505 Crouche
923 1448 959 1507 et
987 1433 1162 1526 Johanne,
1191 1432 1293 1506 uxori
1323 1459 1397 1522 sue,
1423 1434 1514 1507 duos
1530 1431 1664 1507 solidos

454 1529 555 1604 liberi
572 1546 609 1604 et
625 1531 784 1605 annualis
800 1532 961 1608 redditus
977 1535 1224 1633 provenientes
1241 1533 1286 1608 de
1303 1533 1459 1634 quodam
1482 1534 1665 1632 mesuagio

454 1656 537 1705 curn
566 1632 790 1732 pertinenciis
819 1632 891 1707 suis
920 1633 1011 1708 infra
1039 1634 1238 1709 libertatem
1269 1652 1393 1734 portus
1430 1636 1595 1708 Dovorre
1625 1633 1662 1707 in

453 1732 781 1823 scintemariwarde‚
799 1733 891 1808 inter
908 1736 1041 1836 regiam
1057 1751 1202 1810 stratam
1221 1761 1342 1810 versus
1367 1737 1474 1810 south
1499 1751 1536 1809 et
1552 1735 1662 1823 easth,

454 1850 490 1908 et
516 1849 757 1908 tenementum
783 1833 927 1908 Thome
953 1835 1090 1910 Combe
1117 1835 1310 1910 carbonarii
1338 1863 1459 1912 versus
1485 1836 1662 1926 westher

454 1935 666 2008 cimiterium
693 1934 833 2008 ecclesie
861 1936 1070 2036 parochialis
1095 1938 1210 2011 Sancti
1239 1937 1333 2012 Petri
1362 1939 1525 2011 Dovorre
1543 1962 1663 2010 versus

455 2035 586 2109 north:
626 2034 776 2109 habend'
813 2052 850 2109 et
889 2038 1028 2112 tenend’
1067 2037 1183 2112 dictos
1216 2038 1307 2112 duos
1336 2039 1468 2114 solidos
1495 2037 1596 2111 liberi
1626 2053 1662 2110 et

453 2135 613 2211 annualis
640 2135 803 2211 redditus
831 2137 976 2236 prefatis
1005 2139 1148 2212 Thome
1177 2154 1213 2212 et
1241 2139 1414 2233 Johanne,
1443 2138 1546 2213 uxori
1575 2137 1662 2238 ejus,

454 2236 640 2312 heredibus
676 2253 712 2310 et
753 2238 819 2312 assi
847 2239 937 2312 natis
966 2239 1050 2329 suis,
1079 2239 1354 2339 imperpetuum.
1407 2239 1457 2313 Et
1485 2263 1554 2339 ego
1582 2264 1663 2337 pre-

454 2338 574 2413 dictus
598 2337 765 2414 dominus
793 2263 953 2413 Tiromas
979 2357 1015 2414 et
1041 2364 1256 2415 successores
1280 2341 1349 2414 mei
1375 2338 1486 2414 futuri
1511 2356 1664 2413 rectores

453 2440 547 2514 dicte
573 2438 715 2514 ecclesie
741 2439 857 2514 dictos
882 2440 974 2514 duos
998 2441 1133 2515 solidos
1156 2439 1256 2515 liberi
1273 2456 1310 2515 et
1327 2441 1485 2515 annualis
1501 2439 1662 2514 redditus

455 2539 599 2639 prefatis
615 2541 758 2615 Thome
774 2555 811 2614 et
828 2539 1001 2639 Johanne,
1020 2541 1121 2616 uxori
1138 2566 1211 2632 sue,
1229 2542 1416 2616 heredibus
1427 2558 1464 2616 et
1477 2539 1661 2641 assignatis

454 2641 526 2715 suis
549 2657 671 2715 contra
688 2666 811 2715 omnes
826 2659 951 2741 gentes
967 2642 1272 2717 warantizabimus
1287 2643 1558 2742 imperpetuum.

530 2742 573 2816 ln
603 2741 705 2842 cujus
733 2742 784 2817 rei
813 2744 1059 2818 testimonium
1087 2743 1170 2820 huic
1199 2743 1352 2843 presenti
1382 2759 1475 2818 carte
1503 2739 1660 2843 sigillum

456 2866 574 2918 meum
602 2843 758 2943 apposui.

529 2946 623 3019 Data
659 2946 824 3020 Dovorra
857 2969 1006 3045 xrquo.
1042 2945 1100 3021 die
1128 2944 1287 3045 Augusti
1314 2970 1408 3018 anno
1435 2943 1535 3044 regni
1554 2943 1663 3044 Regis

455 3044 595 3120 Ricardi
620 3046 765 3120 secundi
790 3061 891 3120 sexto
915 3046 1063 3122 decimo.

529 3145 616 3221 Hiis
631 3145 792 3235 testibus,
804 3147 966 3241 Johanne
979 3163 1052 3221 atte
1065 3145 1186 3238 Helle,
1204 3161 1291 3220 tunc
1307 3145 1475 3246 Majore3
1500 3145 1662 3239 Johanne

453 3246 599 3338 Gerold,
628 3265 715 3322 tunc
740 3247 902 3336 Balliv03
927 3248 1088 3342 johanne
1118 3247 1315 3335 Evbroke3
1340 3245 1485 3320 Thoma
1513 3247 1660 3335 Lorde3

454 3348 809 3448 Nicholaospisour3
836 3348 1022 3423 Willelmo
1037 3346 1182 3446 Spisour
1198 3373 1207 3436 ;
1234 3346 1419 3422 Willelmo
1443 3346 1660 3447 Yngelond3

454 3465 490 3523 et
507 3449 593 3523 aliis.
