<?xml version="1.0" encoding="UTF-8"?>
<!DOCTYPE html PUBLIC "-//W3C//DTD XHTML 1.0 Transitional//EN"
    "http://www.w3.org/TR/xhtml1/DTD/xhtml1-transitional.dtd">
<html xmlns="http://www.w3.org/1999/xhtml" xml:lang="en" lang="en">
 <head>
  <title>
</title>
<meta http-equiv="Content-Type" content="text/html;charset=utf-8" />
  <meta name='ocr-system' content='tesseract 3.04.00' />
  <meta name='ocr-capabilities' content='ocr_page ocr_carea ocr_par ocr_line ocrx_word'/>
</head>
<body>
  <div class='ocr_page' id='page_1' title='image "./doverchartersan00statgoog_0373.png"; bbox 0 0 3702 5254; ppageno 0'>
   <div class='ocr_carea' id='block_1_1' title="bbox 462 447 1314 543">
    <p class='ocr_par' dir='ltr' id='par_1_1' title="bbox 462 447 1314 543">
     <span class='ocr_line' id='line_1_1' title="bbox 462 447 1314 543; baseline -0.022 0"><span class='ocrx_word' id='word_1_1' title='bbox 462 467 535 543; x_wconf 85' lang='lat'>334</span> <span class='ocrx_word' id='word_1_2' title='bbox 824 447 1007 524; x_wconf 78' lang='lat' dir='ltr'>novus</span> <span class='ocrx_word' id='word_1_3' title='bbox 1035 447 1314 524; x_wconf 77' lang='lat' dir='ltr'>cuanrsus</span> 
     </span>
    </p>
   </div>
   <div class='ocr_carea' id='block_1_2' title="bbox 789 747 1342 1001">
    <p class='ocr_par' dir='ltr' id='par_1_2' title="bbox 789 747 1342 1001">
     <span class='ocr_line' id='line_1_2' title="bbox 940 747 1192 828; baseline 0 -1"><span class='ocrx_word' id='word_1_4' title='bbox 940 749 985 827; x_wconf 90' lang='lat' dir='ltr'>X</span> <span class='ocrx_word' id='word_1_5' title='bbox 996 748 1031 827; x_wconf 88' lang='lat' dir='ltr'>C</span> <span class='ocrx_word' id='word_1_6' title='bbox 1041 747 1113 828; x_wconf 81' lang='lat' dir='ltr'>vl</span> <span class='ocrx_word' id='word_1_7' title='bbox 1128 748 1192 828; x_wconf 88' lang='lat'>11.</span> 
     </span>
     <span class='ocr_line' id='line_1_3' title="bbox 789 863 1342 1001; baseline 0.002 -15"><span class='ocrx_word' id='word_1_8' title='bbox 789 939 843 987; x_wconf 85' lang='lat' dir='ltr'>xx</span> <span class='ocrx_word' id='word_1_9' title='bbox 863 919 1041 1001; x_wconf 82' lang='lat' dir='ltr'>Octobris,</span> <span class='ocrx_word' id='word_1_10' title='bbox 1065 920 1104 988; x_wconf 86' lang='lat'>1⁶</span> <span class='ocrx_word' id='word_1_11' title='bbox 1126 920 1218 988; x_wconf 79' lang='lat' dir='ltr'>Heu</span> <span class='ocrx_word' id='word_1_12' title='bbox 1240 863 1342 990; x_wconf 74' lang='lat' dir='ltr'>itm.</span> 
     </span>
    </p>
   </div>
   <div class='ocr_carea' id='block_1_3' title="bbox 458 1077 1670 1184">
    <p class='ocr_par' dir='ltr' id='par_1_3' title="bbox 458 1077 1670 1184">
     <span class='ocr_line' id='line_1_4' title="bbox 458 1077 1670 1184; baseline 0.006 -34"><span class='ocrx_word' id='word_1_13' title='bbox 458 1077 549 1152; x_wconf 83' lang='lat' dir='ltr'>Hsc</span> <span class='ocrx_word' id='word_1_14' title='bbox 567 1079 766 1168; x_wconf 89' lang='lat' dir='ltr'>indentura,</span> <span class='ocrx_word' id='word_1_15' title='bbox 783 1078 873 1154; x_wconf 88' lang='lat' dir='ltr'>facta</span> <span class='ocrx_word' id='word_1_16' title='bbox 890 1080 1060 1154; x_wconf 91' lang='lat' dir='ltr'>vicesimo</span> <span class='ocrx_word' id='word_1_17' title='bbox 1076 1080 1134 1153; x_wconf 89' lang='lat' dir='ltr'>die</span> <span class='ocrx_word' id='word_1_18' title='bbox 1151 1080 1322 1154; x_wconf 85' lang='lat' dir='ltr'>Octobris</span> <span class='ocrx_word' id='word_1_19' title='bbox 1334 1105 1428 1154; x_wconf 87' lang='lat' dir='ltr'>anno</span> <span class='ocrx_word' id='word_1_20' title='bbox 1445 1084 1546 1184; x_wconf 90' lang='lat' dir='ltr'>regni</span> <span class='ocrx_word' id='word_1_21' title='bbox 1562 1083 1670 1183; x_wconf 88' lang='lat' dir='ltr'>Regis</span> 
     </span>
    </p>
   </div>
   <div class='ocr_carea' id='block_1_4' title="bbox 457 1179 1668 1280">
    <p class='ocr_par' dir='ltr' id='par_1_4' title="bbox 457 1179 1668 1280">
     <span class='ocr_line' id='line_1_5' title="bbox 457 1179 1668 1280; baseline 0.002 -26"><span class='ocrx_word' id='word_1_22' title='bbox 457 1179 607 1255; x_wconf 87' lang='lat' dir='ltr'>Henrici</span> <span class='ocrx_word' id='word_1_23' title='bbox 626 1181 739 1254; x_wconf 85' lang='lat' dir='ltr'>octavi</span> <span class='ocrx_word' id='word_1_24' title='bbox 758 1196 860 1255; x_wconf 83' lang='lat' dir='ltr'>sexto</span> <span class='ocrx_word' id='word_1_25' title='bbox 877 1181 1017 1256; x_wconf 90' lang='lat' dir='ltr'>decimo</span> <span class='ocrx_word' id='word_1_26' title='bbox 1034 1196 1196 1270; x_wconf 88' lang='lat' dir='ltr'>testatur,</span> <span class='ocrx_word' id='word_1_27' title='bbox 1214 1181 1312 1280; x_wconf 92' lang='lat' dir='ltr'>quod</span> <span class='ocrx_word' id='word_1_28' title='bbox 1328 1181 1508 1275; x_wconf 90' lang='lat' dir='ltr'>Johannes</span> <span class='ocrx_word' id='word_1_29' title='bbox 1536 1185 1668 1274; x_wconf 88' lang='lat' dir='ltr'>Brolce,</span> 
     </span>
    </p>
   </div>
   <div class='ocr_carea' id='block_1_5' title="bbox 447 1281 1669 3804">
    <p class='ocr_par' dir='ltr' id='par_1_5' title="bbox 447 1281 1669 3804">
     <span class='ocr_line' id='line_1_6' title="bbox 456 1281 1667 1382; baseline 0.003 -28"><span class='ocrx_word' id='word_1_30' title='bbox 456 1281 579 1382; x_wconf 86' lang='lat' dir='ltr'>Major</span> <span class='ocrx_word' id='word_1_31' title='bbox 605 1281 690 1356; x_wconf 89' lang='lat' dir='ltr'>ville</span> <span class='ocrx_word' id='word_1_32' title='bbox 730 1306 769 1355; x_wconf 86' lang='lat' dir='ltr'>ac</span> <span class='ocrx_word' id='word_1_33' title='bbox 804 1282 934 1356; x_wconf 91' lang='lat' dir='ltr'>Portus</span> <span class='ocrx_word' id='word_1_34' title='bbox 968 1285 1145 1370; x_wconf 89' lang='lat' dir='ltr'>Dovorre,</span> <span class='ocrx_word' id='word_1_35' title='bbox 1173 1307 1213 1355; x_wconf 89' lang='lat' dir='ltr'>ac</span> <span class='ocrx_word' id='word_1_36' title='bbox 1257 1282 1428 1357; x_wconf 86' lang='lat' dir='ltr'>Ricardus</span> <span class='ocrx_word' id='word_1_37' title='bbox 1464 1284 1667 1375; x_wconf 86' lang='lat' dir='ltr'>Marshalle,</span> 
     </span>
     <span class='ocr_line' id='line_1_7' title="bbox 457 1382 1667 1483; baseline 0.002 -27"><span class='ocrx_word' id='word_1_38' title='bbox 457 1383 668 1482; x_wconf 82' lang='lat' dir='ltr'>Radulphus</span> <span class='ocrx_word' id='word_1_39' title='bbox 694 1382 871 1482; x_wconf 86' lang='lat' dir='ltr'>Buffkyn,</span> <span class='ocrx_word' id='word_1_40' title='bbox 889 1383 1048 1458; x_wconf 81' lang='lat' dir='ltr'><strong>Thomas</strong></span> <span class='ocrx_word' id='word_1_41' title='bbox 1075 1383 1295 1473; x_wconf 91' lang='lat' dir='ltr'>Middleton‚</span> <span class='ocrx_word' id='word_1_42' title='bbox 1314 1385 1512 1459; x_wconf 90' lang='lat' dir='ltr'>Kenelmus</span> <span class='ocrx_word' id='word_1_43' title='bbox 1531 1385 1667 1483; x_wconf 84' lang='lat' dir='ltr'>Colley,</span> 
     </span>
     <span class='ocr_line' id='line_1_8' title="bbox 455 1483 1669 1584; baseline 0.002 -26"><span class='ocrx_word' id='word_1_44' title='bbox 455 1483 630 1558; x_wconf 82' lang='lat' dir='ltr'>Custodes</span> <span class='ocrx_word' id='word_1_45' title='bbox 654 1484 814 1584; x_wconf 89' lang='lat' dir='ltr'>ejusdem</span> <span class='ocrx_word' id='word_1_46' title='bbox 845 1483 940 1574; x_wconf 90' lang='lat' dir='ltr'>ville,</span> <span class='ocrx_word' id='word_1_47' title='bbox 965 1510 1027 1582; x_wconf 91' lang='lat' dir='ltr'>per</span> <span class='ocrx_word' id='word_1_48' title='bbox 1052 1495 1231 1558; x_wconf 83' lang='lat' dir='ltr'>assensum</span> <span class='ocrx_word' id='word_1_49' title='bbox 1256 1501 1292 1558; x_wconf 90' lang='lat' dir='ltr'>et</span> <span class='ocrx_word' id='word_1_50' title='bbox 1317 1509 1528 1559; x_wconf 91' lang='lat' dir='ltr'>concensum</span> <span class='ocrx_word' id='word_1_51' title='bbox 1556 1487 1669 1560; x_wconf 87' lang='lat' dir='ltr'>tocius</span> 
     </span>
     <span class='ocr_line' id='line_1_9' title="bbox 454 1584 1667 1685; baseline 0.002 -27"><span class='ocrx_word' id='word_1_52' title='bbox 454 1584 733 1660; x_wconf 86' lang='lat' dir='ltr'>Communitatis</span> <span class='ocrx_word' id='word_1_53' title='bbox 776 1585 860 1658; x_wconf 90' lang='lat' dir='ltr'>ville</span> <span class='ocrx_word' id='word_1_54' title='bbox 902 1585 1060 1685; x_wconf 74' lang='lat' dir='ltr'>predicte</span> <span class='ocrx_word' id='word_1_55' title='bbox 1101 1602 1348 1659; x_wconf 89' lang='lat' dir='ltr'>concesserunt</span> <span class='ocrx_word' id='word_1_56' title='bbox 1391 1585 1603 1662; x_wconf 90' lang='lat' dir='ltr'>dimiserunt</span> <span class='ocrx_word' id='word_1_57' title='bbox 1631 1604 1667 1661; x_wconf 94' lang='lat' dir='ltr'>et</span> 
     </span>
     <span class='ocr_line' id='line_1_10' title="bbox 454 1685 1665 1786; baseline 0.003 -28"><span class='ocrx_word' id='word_1_58' title='bbox 454 1687 679 1762; x_wconf 86' lang='lat' dir='ltr'>tradiderunt</span> <span class='ocrx_word' id='word_1_59' title='bbox 714 1685 900 1760; x_wconf 91' lang='lat' dir='ltr'>Willelmo</span> <span class='ocrx_word' id='word_1_60' title='bbox 933 1686 1140 1786; x_wconf 89' lang='lat' dir='ltr'>Grawnger,</span> <span class='ocrx_word' id='word_1_61' title='bbox 1183 1710 1296 1759; x_wconf 90' lang='lat' dir='ltr'>unum</span> <span class='ocrx_word' id='word_1_62' title='bbox 1331 1687 1551 1786; x_wconf 84' lang='lat' dir='ltr'>mesuagium</span> <span class='ocrx_word' id='word_1_63' title='bbox 1584 1714 1665 1762; x_wconf 91' lang='lat' dir='ltr'>cum</span> 
     </span>
     <span class='ocr_line' id='line_1_11' title="bbox 453 1784 1667 1885; baseline 0.002 -26"><span class='ocrx_word' id='word_1_64' title='bbox 453 1787 679 1885; x_wconf 84' lang='lat' dir='ltr'>pertinenciis</span> <span class='ocrx_word' id='word_1_65' title='bbox 694 1787 865 1862; x_wconf 89' lang='lat' dir='ltr'>situatum</span> <span class='ocrx_word' id='word_1_66' title='bbox 890 1803 927 1860; x_wconf 95' lang='lat' dir='ltr'>et</span> <span class='ocrx_word' id='word_1_67' title='bbox 944 1787 1151 1861; x_wconf 84' lang='lat' dir='ltr'>existentem</span> <span class='ocrx_word' id='word_1_68' title='bbox 1170 1784 1262 1860; x_wconf 86' lang='lat' dir='ltr'>infra</span> <span class='ocrx_word' id='word_1_69' title='bbox 1287 1786 1484 1862; x_wconf 87' lang='lat' dir='ltr'>libertatem</span> <span class='ocrx_word' id='word_1_70' title='bbox 1503 1790 1667 1862; x_wconf 92' lang='lat' dir='ltr'>Dovorre</span> 
     </span>
     <span class='ocr_line' id='line_1_12' title="bbox 455 1887 1665 1989; baseline 0.002 -28"><span class='ocrx_word' id='word_1_71' title='bbox 455 1889 611 1986; x_wconf 85' lang='lat' dir='ltr'>predicte</span> <span class='ocrx_word' id='word_1_72' title='bbox 627 1889 665 1962; x_wconf 89' lang='lat' dir='ltr'>in</span> <span class='ocrx_word' id='word_1_73' title='bbox 687 1889 1015 1976; x_wconf 85' lang='lat' dir='ltr'>Bouremanwarde,</span> <span class='ocrx_word' id='word_1_74' title='bbox 1034 1887 1209 1976; x_wconf 90' lang='lat' dir='ltr'>videlicet,</span> <span class='ocrx_word' id='word_1_75' title='bbox 1223 1887 1397 1986; x_wconf 87' lang='lat' dir='ltr'>capitand’</span> <span class='ocrx_word' id='word_1_76' title='bbox 1414 1914 1458 1962; x_wconf 87' lang='lat' dir='ltr'>ex</span> <span class='ocrx_word' id='word_1_77' title='bbox 1481 1915 1551 1962; x_wconf 86' lang='lat' dir='ltr'>una</span> <span class='ocrx_word' id='word_1_78' title='bbox 1566 1906 1665 1989; x_wconf 87' lang='lat' dir='ltr'>parte</span> 
     </span>
     <span class='ocr_line' id='line_1_13' title="bbox 454 1989 1666 2090; baseline 0 -27"><span class='ocrx_word' id='word_1_79' title='bbox 454 1990 498 2063; x_wconf 89' lang='lat' dir='ltr'>ad</span> <span class='ocrx_word' id='word_1_80' title='bbox 515 1989 648 2090; x_wconf 86' lang='lat' dir='ltr'>regiam</span> <span class='ocrx_word' id='word_1_81' title='bbox 666 1989 759 2062; x_wconf 89' lang='lat' dir='ltr'>viam</span> <span class='ocrx_word' id='word_1_82' title='bbox 772 1989 963 2064; x_wconf 90' lang='lat' dir='ltr'>ducentem</span> <span class='ocrx_word' id='word_1_83' title='bbox 975 2015 1082 2088; x_wconf 89' lang='lat' dir='ltr'>supra</span> <span class='ocrx_word' id='word_1_84' title='bbox 1098 2014 1243 2063; x_wconf 89' lang='lat' dir='ltr'>murum</span> <span class='ocrx_word' id='word_1_85' title='bbox 1261 1989 1355 2082; x_wconf 91' lang='lat' dir='ltr'>ville,</span> <span class='ocrx_word' id='word_1_86' title='bbox 1370 2005 1537 2064; x_wconf 90' lang='lat' dir='ltr'>vocatum</span> <span class='ocrx_word' id='word_1_87' title='bbox 1554 1989 1666 2064; x_wconf 84' lang='lat' dir='ltr'>above</span> 
     </span>
     <span class='ocr_line' id='line_1_14' title="bbox 454 2089 1666 2180; baseline 0.002 -18"><span class='ocrx_word' id='word_1_88' title='bbox 454 2090 552 2163; x_wconf 87' lang='lat' dir='ltr'>walle</span> <span class='ocrx_word' id='word_1_89' title='bbox 582 2115 702 2164; x_wconf 90' lang='lat' dir='ltr'>versus</span> <span class='ocrx_word' id='word_1_90' title='bbox 740 2092 930 2180; x_wconf 86' lang='lat' dir='ltr'>southeast,</span> <span class='ocrx_word' id='word_1_91' title='bbox 965 2089 1133 2164; x_wconf 88' lang='lat' dir='ltr'>laterand’</span> <span class='ocrx_word' id='word_1_92' title='bbox 1167 2091 1210 2164; x_wconf 86' lang='lat' dir='ltr'>ad</span> <span class='ocrx_word' id='word_1_93' title='bbox 1245 2115 1389 2164; x_wconf 90' lang='lat' dir='ltr'>murum</span> <span class='ocrx_word' id='word_1_94' title='bbox 1425 2089 1511 2164; x_wconf 90' lang='lat' dir='ltr'>ville</span> <span class='ocrx_word' id='word_1_95' title='bbox 1543 2117 1666 2165; x_wconf 90' lang='lat' dir='ltr'>versus</span> 
     </span>
     <span class='ocr_line' id='line_1_15' title="bbox 454 2189 1663 2291; baseline 0.002 -27"><span class='ocrx_word' id='word_1_96' title='bbox 454 2191 660 2282; x_wconf 84' lang='lat' dir='ltr'>southwest,</span> <span class='ocrx_word' id='word_1_97' title='bbox 679 2191 854 2291; x_wconf 82' lang='lat' dir='ltr'>capitand&#39;</span> <span class='ocrx_word' id='word_1_98' title='bbox 872 2217 914 2264; x_wconf 87' lang='lat' dir='ltr'>ex</span> <span class='ocrx_word' id='word_1_99' title='bbox 934 2189 1001 2264; x_wconf 86' lang='lat' dir='ltr'>alia</span> <span class='ocrx_word' id='word_1_100' title='bbox 1017 2205 1116 2290; x_wconf 91' lang='lat' dir='ltr'>parte</span> <span class='ocrx_word' id='word_1_101' title='bbox 1133 2190 1177 2264; x_wconf 80' lang='lat' dir='ltr'>ad</span> <span class='ocrx_word' id='word_1_102' title='bbox 1202 2205 1334 2264; x_wconf 91' lang='lat' dir='ltr'>terram</span> <span class='ocrx_word' id='word_1_103' title='bbox 1354 2193 1497 2265; x_wconf 91' lang='lat' dir='ltr'>Thome</span> <span class='ocrx_word' id='word_1_104' title='bbox 1514 2191 1663 2291; x_wconf 82' lang='lat' dir='ltr'>Lybess,</span> 
     </span>
     <span class='ocr_line' id='line_1_16' title="bbox 447 2291 1664 2394; baseline 0.002 -31"><span class='ocrx_word' id='word_1_105' title='bbox 447 2291 530 2394; x_wconf 85' lang='lat' dir='ltr'>jure</span> <span class='ocrx_word' id='word_1_106' title='bbox 546 2291 665 2366; x_wconf 82' lang='lat' dir='ltr'>uxoris</span> <span class='ocrx_word' id='word_1_107' title='bbox 681 2317 753 2380; x_wconf 90' lang='lat' dir='ltr'>sue,</span> <span class='ocrx_word' id='word_1_108' title='bbox 772 2317 893 2366; x_wconf 87' lang='lat' dir='ltr'>versus</span> <span class='ocrx_word' id='word_1_109' title='bbox 912 2293 1115 2382; x_wconf 86' lang='lat' dir='ltr'>northwest,</span> <span class='ocrx_word' id='word_1_110' title='bbox 1132 2307 1168 2364; x_wconf 92' lang='lat' dir='ltr'>et</span> <span class='ocrx_word' id='word_1_111' title='bbox 1181 2292 1348 2366; x_wconf 87' lang='lat' dir='ltr'>laterand’</span> <span class='ocrx_word' id='word_1_112' title='bbox 1360 2292 1465 2393; x_wconf 86' lang='lat' dir='ltr'>juxta</span> <span class='ocrx_word' id='word_1_113' title='bbox 1478 2291 1664 2384; x_wconf 86' lang='lat' dir='ltr'>venellam,</span> 
     </span>
     <span class='ocr_line' id='line_1_17' title="bbox 453 2393 1664 2482; baseline 0.002 -17"><span class='ocrx_word' id='word_1_114' title='bbox 453 2410 615 2467; x_wconf 89' lang='lat' dir='ltr'>vocatam</span> <span class='ocrx_word' id='word_1_115' title='bbox 657 2395 862 2467; x_wconf 86' lang='lat' dir='ltr'>Bovvreman</span> <span class='ocrx_word' id='word_1_116' title='bbox 904 2394 992 2482; x_wconf 90' lang='lat' dir='ltr'>lane,</span> <span class='ocrx_word' id='word_1_117' title='bbox 1027 2418 1149 2466; x_wconf 92' lang='lat' dir='ltr'>versus</span> <span class='ocrx_word' id='word_1_118' title='bbox 1192 2393 1394 2466; x_wconf 89' lang='lat' dir='ltr'>northeast:</span> <span class='ocrx_word' id='word_1_119' title='bbox 1439 2393 1589 2469; x_wconf 89' lang='lat' dir='ltr'>habend’</span> <span class='ocrx_word' id='word_1_120' title='bbox 1627 2411 1664 2468; x_wconf 93' lang='lat' dir='ltr'>et</span> 
     </span>
     <span class='ocr_line' id='line_1_18' title="bbox 452 2493 1664 2594; baseline 0.001 -27"><span class='ocrx_word' id='word_1_121' title='bbox 452 2493 593 2568; x_wconf 85' lang='lat' dir='ltr'>tenend’</span> <span class='ocrx_word' id='word_1_122' title='bbox 612 2493 812 2593; x_wconf 90' lang='lat' dir='ltr'>predictum</span> <span class='ocrx_word' id='word_1_123' title='bbox 829 2494 1051 2594; x_wconf 85' lang='lat' dir='ltr'>mesuagium</span> <span class='ocrx_word' id='word_1_124' title='bbox 1068 2519 1150 2567; x_wconf 91' lang='lat' dir='ltr'>cum</span> <span class='ocrx_word' id='word_1_125' title='bbox 1168 2493 1332 2567; x_wconf 89' lang='lat' dir='ltr'>omnibus</span> <span class='ocrx_word' id='word_1_126' title='bbox 1348 2493 1421 2567; x_wconf 91' lang='lat' dir='ltr'>suis</span> <span class='ocrx_word' id='word_1_127' title='bbox 1437 2494 1664 2593; x_wconf 89' lang='lat' dir='ltr'>pertinenciis</span> 
     </span>
     <span class='ocr_line' id='line_1_19' title="bbox 453 2590 1664 2710; baseline 0.001 -43"><span class='ocrx_word' id='word_1_128' title='bbox 453 2590 591 2694; x_wconf 86' lang='lat' dir='ltr'>prefato</span> <span class='ocrx_word' id='word_1_129' title='bbox 626 2593 809 2670; x_wconf 90' lang='lat' dir='ltr'>Willelmo</span> <span class='ocrx_word' id='word_1_130' title='bbox 837 2597 1041 2710; x_wconf 87' lang='lat' dir='ltr'>Grawnger,</span> <span class='ocrx_word' id='word_1_131' title='bbox 1074 2593 1261 2668; x_wconf 89' lang='lat' dir='ltr'>heredibus</span> <span class='ocrx_word' id='word_1_132' title='bbox 1293 2610 1329 2668; x_wconf 93' lang='lat' dir='ltr'>et</span> <span class='ocrx_word' id='word_1_133' title='bbox 1359 2595 1551 2694; x_wconf 87' lang='lat' dir='ltr'>assignatis,</span> <span class='ocrx_word' id='word_1_134' title='bbox 1590 2597 1664 2670; x_wconf 91' lang='lat' dir='ltr'>suis</span> 
     </span>
     <span class='ocr_line' id='line_1_20' title="bbox 453 2692 1662 2798; baseline 0.002 -30"><span class='ocrx_word' id='word_1_135' title='bbox 453 2695 743 2794; x_wconf 89' lang='lat' dir='ltr'>imperpetuum:</span> <span class='ocrx_word' id='word_1_136' title='bbox 783 2695 953 2772; x_wconf 89' lang='lat' dir='ltr'>reddend’</span> <span class='ocrx_word' id='word_1_137' title='bbox 979 2698 1062 2770; x_wconf 82' lang='lat' dir='ltr'>inde</span> <span class='ocrx_word' id='word_1_138' title='bbox 1087 2694 1270 2770; x_wconf 91' lang='lat' dir='ltr'>annuatim</span> <span class='ocrx_word' id='word_1_139' title='bbox 1295 2692 1440 2794; x_wconf 85' lang='lat' dir='ltr'>prefatis</span> <span class='ocrx_word' id='word_1_140' title='bbox 1466 2695 1600 2798; x_wconf 81' lang='lat' dir='ltr'>Majori</span> <span class='ocrx_word' id='word_1_141' title='bbox 1625 2713 1662 2771; x_wconf 92' lang='lat' dir='ltr'>et</span> 
     </span>
     <span class='ocr_line' id='line_1_21' title="bbox 450 2794 1661 2896; baseline 0.001 -25"><span class='ocrx_word' id='word_1_142' title='bbox 450 2797 719 2888; x_wconf 86' lang='lat' dir='ltr'>Communitati,</span> <span class='ocrx_word' id='word_1_143' title='bbox 749 2812 785 2871; x_wconf 90' lang='lat' dir='ltr'>et</span> <span class='ocrx_word' id='word_1_144' title='bbox 811 2823 936 2872; x_wconf 91' lang='lat' dir='ltr'>eorum</span> <span class='ocrx_word' id='word_1_145' title='bbox 960 2794 1215 2871; x_wconf 87' lang='lat' dir='ltr'>successoribus</span> <span class='ocrx_word' id='word_1_146' title='bbox 1244 2795 1517 2896; x_wconf 86' lang='lat' dir='ltr'>imperpetuum,</span> <span class='ocrx_word' id='word_1_147' title='bbox 1548 2823 1661 2872; x_wconf 92' lang='lat' dir='ltr'>unum</span> 
     </span>
     <span class='ocr_line' id='line_1_22' title="bbox 449 2896 1659 2973; baseline 0 -1"><span class='ocrx_word' id='word_1_148' title='bbox 449 2898 635 2973; x_wconf 89' lang='lat' dir='ltr'>annualem</span> <span class='ocrx_word' id='word_1_149' title='bbox 660 2896 841 2972; x_wconf 90' lang='lat' dir='ltr'>redditum</span> <span class='ocrx_word' id='word_1_150' title='bbox 871 2899 1026 2973; x_wconf 91' lang='lat' dir='ltr'>duorum</span> <span class='ocrx_word' id='word_1_151' title='bbox 1051 2896 1248 2972; x_wconf 91' lang='lat' dir='ltr'>solidorum</span> <span class='ocrx_word' id='word_1_152' title='bbox 1268 2912 1304 2970; x_wconf 95' lang='lat' dir='ltr'>et</span> <span class='ocrx_word' id='word_1_153' title='bbox 1328 2913 1410 2971; x_wconf 88' lang='lat' dir='ltr'>octo</span> <span class='ocrx_word' id='word_1_154' title='bbox 1433 2897 1659 2972; x_wconf 75' lang='lat' dir='ltr'>denariorum</span> 
     </span>
     <span class='ocr_line' id='line_1_23' title="bbox 451 2997 1660 3172; baseline 0 -100"><span class='ocrx_word' id='word_1_155' title='bbox 451 2997 607 3074; x_wconf 89' lang='lat' dir='ltr'>infesto</span> <span class='ocrx_word' id='word_1_156' title='bbox 636 2998 905 3098; x_wconf 89' lang='lat' dir='ltr'>Assumpcionis</span> <span class='ocrx_word' id='word_1_157' title='bbox 934 2999 1032 3073; x_wconf 87' lang='lat' dir='ltr'>beate</span> <span class='ocrx_word' id='word_1_158' title='bbox 1063 2997 1182 3071; x_wconf 89' lang='lat' dir='ltr'>Marie</span> <span class='ocrx_word' id='word_1_159' title='bbox 1212 2997 1393 3172; x_wconf 57' lang='lat' dir='ltr'>Vipginis:</span> <span class='ocrx_word' id='word_1_160' title='bbox 1429 3023 1468 3072; x_wconf 91' lang='lat' dir='ltr'>ac</span> <span class='ocrx_word' id='word_1_161' title='bbox 1498 2998 1660 3074; x_wconf 82' lang='lat' dir='ltr'>ffaciend’</span> 
     </span>
     <span class='ocr_line' id='line_1_24' title="bbox 450 3098 1660 3198; baseline 0 -25"><span class='ocrx_word' id='word_1_162' title='bbox 450 3100 533 3175; x_wconf 93' lang='lat' dir='ltr'>inde</span> <span class='ocrx_word' id='word_1_163' title='bbox 548 3099 736 3174; x_wconf 87' lang='lat' dir='ltr'>servicium</span> <span class='ocrx_word' id='word_1_164' title='bbox 752 3099 890 3176; x_wconf 90' lang='lat' dir='ltr'>domini</span> <span class='ocrx_word' id='word_1_165' title='bbox 908 3099 1018 3173; x_wconf 85' lang='lat' dir='ltr'>nostri</span> <span class='ocrx_word' id='word_1_166' title='bbox 1033 3098 1140 3198; x_wconf 92' lang='lat' dir='ltr'>Regis</span> <span class='ocrx_word' id='word_1_167' title='bbox 1155 3123 1262 3172; x_wconf 91' lang='lat' dir='ltr'>secun</span> <span class='ocrx_word' id='word_1_168' title='bbox 1289 3124 1352 3172; x_wconf 92' lang='lat' dir='ltr'>um</span> <span class='ocrx_word' id='word_1_169' title='bbox 1369 3100 1660 3174; x_wconf 89' lang='lat' dir='ltr'>consuetudinem</span> 
     </span>
     <span class='ocr_line' id='line_1_25' title="bbox 450 3199 1658 3301; baseline -0.001 -26"><span class='ocrx_word' id='word_1_170' title='bbox 450 3217 574 3299; x_wconf 90' lang='lat' dir='ltr'>portus</span> <span class='ocrx_word' id='word_1_171' title='bbox 616 3201 765 3301; x_wconf 88' lang='lat' dir='ltr'>predicti</span> <span class='ocrx_word' id='word_1_172' title='bbox 808 3225 892 3274; x_wconf 95' lang='lat' dir='ltr'>cum</span> <span class='ocrx_word' id='word_1_173' title='bbox 933 3199 1124 3274; x_wconf 86' lang='lat' dir='ltr'>acciderit:</span> <span class='ocrx_word' id='word_1_174' title='bbox 1168 3216 1205 3273; x_wconf 94' lang='lat' dir='ltr'>et</span> <span class='ocrx_word' id='word_1_175' title='bbox 1238 3200 1266 3272; x_wconf 93' lang='lat' dir='ltr'>si</span> <span class='ocrx_word' id='word_1_176' title='bbox 1302 3201 1486 3301; x_wconf 86' lang='lat' dir='ltr'>contingat</span> <span class='ocrx_word' id='word_1_177' title='bbox 1518 3199 1658 3274; x_wconf 91' lang='lat' dir='ltr'>dictum</span> 
     </span>
     <span class='ocr_line' id='line_1_26' title="bbox 448 3298 1659 3377; baseline -0.001 -1"><span class='ocrx_word' id='word_1_178' title='bbox 448 3301 633 3376; x_wconf 85' lang='lat' dir='ltr'>annualem</span> <span class='ocrx_word' id='word_1_179' title='bbox 663 3301 844 3377; x_wconf 87' lang='lat' dir='ltr'>redditum</span> <span class='ocrx_word' id='word_1_180' title='bbox 861 3302 1016 3376; x_wconf 90' lang='lat' dir='ltr'>duorum</span> <span class='ocrx_word' id='word_1_181' title='bbox 1042 3298 1238 3375; x_wconf 92' lang='lat' dir='ltr'>solidorum</span> <span class='ocrx_word' id='word_1_182' title='bbox 1265 3317 1302 3373; x_wconf 91' lang='lat' dir='ltr'>et</span> <span class='ocrx_word' id='word_1_183' title='bbox 1326 3317 1408 3374; x_wconf 95' lang='lat' dir='ltr'>octo</span> <span class='ocrx_word' id='word_1_184' title='bbox 1433 3301 1659 3375; x_wconf 88' lang='lat' dir='ltr'>denariorum</span> 
     </span>
     <span class='ocr_line' id='line_1_27' title="bbox 448 3400 1658 3502; baseline -0.001 -25"><span class='ocrx_word' id='word_1_185' title='bbox 448 3419 564 3477; x_wconf 88' lang='lat' dir='ltr'>aretro</span> <span class='ocrx_word' id='word_1_186' title='bbox 597 3400 674 3477; x_wconf 89' lang='lat' dir='ltr'>fore</span> <span class='ocrx_word' id='word_1_187' title='bbox 708 3428 780 3477; x_wconf 88' lang='lat' dir='ltr'>non</span> <span class='ocrx_word' id='word_1_188' title='bbox 805 3401 964 3476; x_wconf 90' lang='lat' dir='ltr'>solutum</span> <span class='ocrx_word' id='word_1_189' title='bbox 990 3401 1028 3474; x_wconf 95' lang='lat' dir='ltr'>in</span> <span class='ocrx_word' id='word_1_190' title='bbox 1056 3418 1154 3501; x_wconf 86' lang='lat' dir='ltr'>parte</span> <span class='ocrx_word' id='word_1_191' title='bbox 1183 3401 1239 3474; x_wconf 93' lang='lat' dir='ltr'>vel</span> <span class='ocrx_word' id='word_1_192' title='bbox 1268 3401 1304 3474; x_wconf 95' lang='lat' dir='ltr'>in</span> <span class='ocrx_word' id='word_1_193' title='bbox 1332 3417 1412 3476; x_wconf 92' lang='lat' dir='ltr'>toto</span> <span class='ocrx_word' id='word_1_194' title='bbox 1481 3427 1500 3475; x_wconf 94' lang='lat' dir='ltr'>r</span> <span class='ocrx_word' id='word_1_195' title='bbox 1529 3401 1658 3502; x_wconf 92' lang='lat' dir='ltr'>viginti</span> 
     </span>
     <span class='ocr_line' id='line_1_28' title="bbox 451 3501 1660 3603; baseline 0 -26"><span class='ocrx_word' id='word_1_196' title='bbox 451 3530 562 3577; x_wconf 96' lang='lat' dir='ltr'>unum</span> <span class='ocrx_word' id='word_1_197' title='bbox 596 3503 672 3578; x_wconf 92' lang='lat' dir='ltr'>dies</span> <span class='ocrx_word' id='word_1_198' title='bbox 713 3505 893 3602; x_wconf 85' lang='lat' dir='ltr'>proximos</span> <span class='ocrx_word' id='word_1_199' title='bbox 925 3518 1111 3603; x_wconf 86' lang='lat' dir='ltr'>sequentes</span> <span class='ocrx_word' id='word_1_200' title='bbox 1144 3517 1225 3601; x_wconf 90' lang='lat' dir='ltr'>post</span> <span class='ocrx_word' id='word_1_201' title='bbox 1258 3501 1402 3600; x_wconf 93' lang='lat' dir='ltr'>aliquod</span> <span class='ocrx_word' id='word_1_202' title='bbox 1444 3519 1559 3578; x_wconf 88' lang='lat' dir='ltr'>estum</span> <span class='ocrx_word' id='word_1_203' title='bbox 1583 3529 1660 3602; x_wconf 89' lang='lat' dir='ltr'>quo</span> 
     </span>
     <span class='ocr_line' id='line_1_29' title="bbox 448 3602 1657 3704; baseline 0 -28"><span class='ocrx_word' id='word_1_204' title='bbox 448 3602 538 3678; x_wconf 89' lang='lat' dir='ltr'>solvi</span> <span class='ocrx_word' id='word_1_205' title='bbox 568 3603 705 3693; x_wconf 88' lang='lat' dir='ltr'>debeat,</span> <span class='ocrx_word' id='word_1_206' title='bbox 734 3602 792 3678; x_wconf 93' lang='lat' dir='ltr'>vel</span> <span class='ocrx_word' id='word_1_207' title='bbox 822 3605 920 3704; x_wconf 93' lang='lat' dir='ltr'>quod</span> <span class='ocrx_word' id='word_1_208' title='bbox 951 3603 1135 3703; x_wconf 86' lang='lat' dir='ltr'>contingat</span> <span class='ocrx_word' id='word_1_209' title='bbox 1162 3603 1298 3676; x_wconf 92' lang='lat' dir='ltr'>dictum</span> <span class='ocrx_word' id='word_1_210' title='bbox 1327 3603 1545 3702; x_wconf 85' lang='lat' dir='ltr'>mesuagium</span> <span class='ocrx_word' id='word_1_211' title='bbox 1574 3629 1657 3677; x_wconf 90' lang='lat' dir='ltr'>cum</span> 
     </span>
     <span class='ocr_line' id='line_1_30' title="bbox 448 3703 1659 3804; baseline 0 -26"><span class='ocrx_word' id='word_1_212' title='bbox 448 3705 670 3803; x_wconf 92' lang='lat' dir='ltr'>pertinenciis</span> <span class='ocrx_word' id='word_1_213' title='bbox 695 3705 910 3804; x_wconf 89' lang='lat' dir='ltr'>competenti</span> <span class='ocrx_word' id='word_1_214' title='bbox 927 3722 964 3779; x_wconf 89' lang='lat' dir='ltr'>et</span> <span class='ocrx_word' id='word_1_215' title='bbox 988 3703 1173 3778; x_wconf 88' lang='lat' dir='ltr'>sufficienti</span> <span class='ocrx_word' id='word_1_216' title='bbox 1191 3703 1411 3803; x_wconf 87' lang='lat' dir='ltr'>reparacione</span> <span class='ocrx_word' id='word_1_217' title='bbox 1428 3705 1473 3777; x_wconf 89' lang='lat' dir='ltr'>de</span> <span class='ocrx_word' id='word_1_218' title='bbox 1497 3721 1659 3803; x_wconf 92' lang='lat' dir='ltr'>tempore</span> 
     </span>
    </p>
   </div>
   <div class='ocr_carea' id='block_1_6' title="bbox 446 3803 1659 4311">
    <p class='ocr_par' dir='ltr' id='par_1_6' title="bbox 446 3803 1659 4311">
     <span class='ocr_line' id='line_1_31' title="bbox 447 3803 1659 3907; baseline 0.001 -29"><span class='ocrx_word' id='word_1_219' title='bbox 447 3806 484 3880; x_wconf 91' lang='lat' dir='ltr'>in</span> <span class='ocrx_word' id='word_1_220' title='bbox 515 3822 655 3905; x_wconf 89' lang='lat' dir='ltr'>tempus</span> <span class='ocrx_word' id='word_1_221' title='bbox 680 3832 808 3896; x_wconf 87' lang='lat' dir='ltr'>carere,</span> <span class='ocrx_word' id='word_1_222' title='bbox 838 3805 937 3905; x_wconf 91' lang='lat' dir='ltr'>quod</span> <span class='ocrx_word' id='word_1_223' title='bbox 967 3823 1052 3880; x_wconf 92' lang='lat' dir='ltr'>tunc</span> <span class='ocrx_word' id='word_1_224' title='bbox 1078 3805 1165 3878; x_wconf 92' lang='lat' dir='ltr'>bene</span> <span class='ocrx_word' id='word_1_225' title='bbox 1195 3803 1332 3878; x_wconf 89' lang='lat' dir='ltr'>licitum</span> <span class='ocrx_word' id='word_1_226' title='bbox 1362 3805 1430 3878; x_wconf 92' lang='lat' dir='ltr'>erit</span> <span class='ocrx_word' id='word_1_227' title='bbox 1461 3805 1594 3907; x_wconf 88' lang='lat' dir='ltr'>Majori</span> <span class='ocrx_word' id='word_1_228' title='bbox 1621 3821 1659 3880; x_wconf 93' lang='lat' dir='ltr'>et</span> 
     </span>
     <span class='ocr_line' id='line_1_32' title="bbox 448 3905 1659 4006; baseline -0.001 -26"><span class='ocrx_word' id='word_1_229' title='bbox 448 3906 709 3981; x_wconf 91' lang='lat' dir='ltr'>Communitati</span> <span class='ocrx_word' id='word_1_230' title='bbox 723 3907 806 3982; x_wconf 90' lang='lat' dir='ltr'>ville</span> <span class='ocrx_word' id='word_1_231' title='bbox 822 3907 978 4006; x_wconf 91' lang='lat' dir='ltr'>predicte</span> <span class='ocrx_word' id='word_1_232' title='bbox 991 3923 1027 3982; x_wconf 93' lang='lat' dir='ltr'>et</span> <span class='ocrx_word' id='word_1_233' title='bbox 1044 3905 1302 3980; x_wconf 90' lang='lat' dir='ltr'>successoribus</span> <span class='ocrx_word' id='word_1_234' title='bbox 1320 3905 1393 3980; x_wconf 91' lang='lat' dir='ltr'>suis</span> <span class='ocrx_word' id='word_1_235' title='bbox 1402 3905 1439 3979; x_wconf 95' lang='lat' dir='ltr'>in</span> <span class='ocrx_word' id='word_1_236' title='bbox 1456 3906 1659 4004; x_wconf 87' lang='lat' dir='ltr'>predictum</span> 
     </span>
     <span class='ocr_line' id='line_1_33' title="bbox 447 4005 1657 4108; baseline -0.002 -26"><span class='ocrx_word' id='word_1_237' title='bbox 447 4007 667 4108; x_wconf 89' lang='lat' dir='ltr'>mesuagium</span> <span class='ocrx_word' id='word_1_238' title='bbox 694 4034 775 4082; x_wconf 91' lang='lat' dir='ltr'>cum</span> <span class='ocrx_word' id='word_1_239' title='bbox 804 4007 1029 4108; x_wconf 92' lang='lat' dir='ltr'>pertinenciis</span> <span class='ocrx_word' id='word_1_240' title='bbox 1055 4008 1100 4082; x_wconf 93' lang='lat' dir='ltr'>ad</span> <span class='ocrx_word' id='word_1_241' title='bbox 1127 4005 1330 4092; x_wconf 88' lang='lat' dir='ltr'>reintrand’,</span> <span class='ocrx_word' id='word_1_242' title='bbox 1357 4023 1393 4079; x_wconf 90' lang='lat' dir='ltr'>et</span> <span class='ocrx_word' id='word_1_243' title='bbox 1422 4007 1514 4081; x_wconf 91' lang='lat' dir='ltr'>illud</span> <span class='ocrx_word' id='word_1_244' title='bbox 1544 4021 1586 4080; x_wconf 94' lang='lat' dir='ltr'>ut</span> <span class='ocrx_word' id='word_1_245' title='bbox 1619 4007 1657 4080; x_wconf 92' lang='lat' dir='ltr'>in</span> 
     </span>
     <span class='ocr_line' id='line_1_34' title="bbox 446 4107 1657 4209; baseline 0.001 -28"><span class='ocrx_word' id='word_1_246' title='bbox 446 4109 597 4207; x_wconf 91' lang='lat' dir='ltr'>pristino</span> <span class='ocrx_word' id='word_1_247' title='bbox 615 4125 708 4183; x_wconf 89' lang='lat' dir='ltr'>statu</span> <span class='ocrx_word' id='word_1_248' title='bbox 727 4135 793 4183; x_wconf 91' lang='lat' dir='ltr'>suo</span> <span class='ocrx_word' id='word_1_249' title='bbox 817 4109 982 4182; x_wconf 90' lang='lat' dir='ltr'>rehabere</span> <span class='ocrx_word' id='word_1_250' title='bbox 998 4109 1150 4209; x_wconf 87' lang='lat' dir='ltr'>gaudere</span> <span class='ocrx_word' id='word_1_251' title='bbox 1165 4124 1202 4180; x_wconf 95' lang='lat' dir='ltr'>et</span> <span class='ocrx_word' id='word_1_252' title='bbox 1219 4107 1398 4205; x_wconf 90' lang='lat' dir='ltr'>possidere</span> <span class='ocrx_word' id='word_1_253' title='bbox 1414 4109 1478 4182; x_wconf 92' lang='lat' dir='ltr'>hac</span> <span class='ocrx_word' id='word_1_254' title='bbox 1503 4109 1657 4206; x_wconf 91' lang='lat' dir='ltr'>presenti</span> 
     </span>
     <span class='ocr_line' id='line_1_35' title="bbox 446 4209 1409 4311; baseline 0.002 -29"><span class='ocrx_word' id='word_1_255' title='bbox 446 4211 670 4284; x_wconf 89' lang='lat' dir='ltr'>concessione</span> <span class='ocrx_word' id='word_1_256' title='bbox 686 4227 722 4284; x_wconf 94' lang='lat' dir='ltr'>et</span> <span class='ocrx_word' id='word_1_257' title='bbox 739 4209 942 4284; x_wconf 90' lang='lat' dir='ltr'>dimissione</span> <span class='ocrx_word' id='word_1_258' title='bbox 959 4211 996 4283; x_wconf 91' lang='lat' dir='ltr'>in</span> <span class='ocrx_word' id='word_1_259' title='bbox 1008 4210 1129 4311; x_wconf 88' lang='lat' dir='ltr'>aliquo</span> <span class='ocrx_word' id='word_1_260' title='bbox 1147 4235 1219 4282; x_wconf 89' lang='lat' dir='ltr'>non</span> <span class='ocrx_word' id='word_1_261' title='bbox 1236 4209 1409 4284; x_wconf 86' lang='lat' dir='ltr'>obstante.</span> 
     </span>
    </p>
   </div>
   <div class='ocr_carea' id='block_1_7' title="bbox 0 0 1856 5254">
    <p class='ocr_par' dir='ltr' id='par_1_7' title="bbox 0 0 1856 5254">
     <span class='ocr_line' id='line_1_36' title="bbox 0 0 1856 5254; baseline 0 6"><span class='ocrx_word' id='word_1_262' title='bbox 0 0 1856 5254; x_wconf 95' lang='lat' dir='ltr'> </span> 
     </span>
    </p>
   </div>
  </div>
 </body>
</html>
