3616 5264
436 413 512 486 4¹0
797 389 975 464 DOVER
999 387 1277 466 cHAmtu

940 689 1134 774 cxxl.

801 861 1258 946 usundannerlla

438 1026 529 1103 Hrc
571 1027 762 1106 indentura
803 1045 954 1106 teetatm
994 1029 1093 1131 quod
1139 1027 1343 1104 Wdlelmus
1380 1029 1651 1129 Hannyngton,

439 1129 561 1232 Major
585 1130 670 1206 ville
694 1148 732 1206 et
756 1147 882 1230 portus
899 1133 1036 1222 Dovor‚
1064 1133 1101 1206 in
1117 1131 1290 1206 comitatu
1315 1131 1459 1222 Krneie,
1486 1131 1653 1204 Thomas

436 1230 593 1320 Painter,
617 1231 794 1326 Johannes
819 1231 990 1332 Hobday,
1019 1231 1200 1309 Roberttu
1225 1233 1387 1320 Nichm,
1418 1248 1456 1306 et
1485 1231 1651 1306 Christo-

437 1329 533 1406 ferus
566 1331 695 1426 Eliott,
726 1333 904 1410 Custodes
936 1334 1031 1410 dicte
1063 1334 1157 1426 ville,
1188 1359 1258 1406 une
1290 1333 1471 1408 communi
1504 1357 1649 1406 assensu

436 1449 473 1506 et
497 1457 670 1508 consensu
694 1435 808 1508 totius
832 1435 1110 1510 Communitatis
1133 1435 1293 1532 ejusdem
1316 1433 1401 1508 ville
1425 1434 1650 1509 tradiderunt

437 1551 683 1610 mnoesserunt
699 1535 796 1610 etad
813 1532 910 1611 feodi
928 1537 1065 1610 firmam
1087 1535 1300 1611 dimiserunt
1315 1536 1460 1609 Thome
1478 1536 1648 1622 Dawkes,

437 1634 483 1710 de
515 1635 602 1710 villa
626 1652 664 1710 et
690 1653 797 1734 portu
825 1637 953 1711 Dovor
979 1637 1145 1736 predicte,
1175 1636 1333 1752 pomoni,
1362 1661 1470 1710 unam
1497 1659 1647 1709 vacuam

462 1733 592 1810 luceam
610 1751 703 1810 terre
728 1761 808 1810 cum
826 1737 993 1813 omnibus
1008 1739 1081 1812 suis
1097 1737 1323 1838 pertinenciis
1346 1737 1590 1810 continentem
1608 1735 1647 1808 in

436 1761 1649 2041 lallssuzemnmnu

436 2054 473 2112 et
506 2055 631 2136 portus
664 2039 793 2116 Dovor
822 2042 989 2140 predicte,
1013 2041 1105 2116 inter
1129 2058 1261 2115 terram
1289 2040 1384 2115 dicte
1411 2039 1506 2130 ville,
1534 2040 1649 2113 modo

437 2139 474 2210 in
490 2139 724 2238 occupatione
740 2141 913 2215 Willelmi
931 2143 1074 2232 Lornas,
1093 2167 1204 2242 usque
1220 2142 1439 2230 southwest3
1465 2158 1501 2215 et
1513 2155 1647 2214 terram

436 2237 519 2312 ville
545 2239 714 2338 predicte,
730 2243 842 2318 modo
866 2241 903 2317 in
928 2243 1162 2344 occupacione
1186 2243 1361 2318 Anthonii
1386 2243 1512 2330 Reede,
1532 2267 1648 2342 usque

438 2338 619 2414 northetst
635 2364 646 2430 3
671 2358 708 2415 et
724 2343 857 2444 regiam
874 2344 968 2419 viam
983 2371 1105 2418 versus
1126 2346 1318 2419 northwest
1331 2367 1343 2432 ς
1368 2358 1405 2418 et
1420 2345 1534 2418 altum
1550 2367 1648 2416 mere

437 2465 560 2515 versus
592 2443 797 2518 southeest:
841 2445 990 2520 habend’
1024 2462 1060 2519 et
1093 2445 1235 2522 tenend'
1270 2445 1464 2543 predictam
1496 2469 1647 2518 vacuam

462 2539 592 2616 laceam
608 2559 702 2618 terre
727 2569 807 2618 cum
826 2545 991 2621 omnibus
1007 2546 1079 2620 suis
1104 2546 1329 2647 pertinenciis
1345 2543 1484 2644 prefato
1499 2544 1647 2618 Thome

438 2565 605 2732 ilawkes,
616 2645 804 2720 heredibus
820 2663 856 2720 et
872 2647 1056 2748 assignatis
1075 2649 1159 2735 suis,
1171 2675 1191 2721 a
1203 2647 1296 2721 festo
1306 2646 1513 2721 Natiuitatis
1528 2646 1647 2718 Sancti

435 2743 607 2837 johannis
622 2745 779 2843 Baptiste
795 2747 960 2845 proximo
976 2745 1099 2822 futuro
1121 2764 1202 2847 post
1218 2747 1337 2822 datam
1354 2747 1582 2846 presentium,
1599 2747 1647 2818 de

437 2868 530 2918 anno
547 2845 583 2917 in
600 2871 732 2920 annum
755 2873 829 2921 uno
846 2865 927 2946 post
944 2847 1052 2922 alium
1071 2849 1244 2950 usquead
1264 2849 1371 2921 linem
1388 2865 1424 2922 et
1448 2848 1645 2921 terminum

436 2944 590 3018 lrooocirt
608 2971 782 3022 armorum
794 2965 926 3023 extunc
942 2951 1184 3048 proximorum
1199 2949 1423 3049 sequentium
1439 2965 1475 3022 et
1492 2949 1648 3048 plenarie

436 3045 660 3144 complend’:
697 3047 846 3124 faciend’
880 3049 963 3123 inde
987 3051 1175 3124 servicium
1200 3050 1345 3124 domine
1375 3065 1495 3124 nostre
1523 3048 1646 3148 regine

436 3160 473 3219 et
514 3149 773 3224 successoribus
822 3150 895 3223 suis
944 3152 1141 3226 secundum
1187 3151 1479 3226 consuetudinem
1521 3167 1648 3248 portus

436 3245 597 3320 Dovorie
638 3249 794 3348 predicte
827 3275 908 3324 cum
951 3252 1140 3327 acciderit:
1184 3277 1223 3326 ac
1255 3254 1363 3326 etiam
1404 3251 1572 3325 reddend’
1606 3267 1644 3324 et

436 3347 597 3422 solvend'
615 3349 697 3423 inde
722 3351 905 3425 annuatim
924 3353 1056 3453 Majori
1077 3370 1112 3427 et
1129 3352 1348 3428 Custodibus
1370 3351 1464 3426 dicte
1480 3351 1564 3427 ville
1580 3352 1645 3451 qui

436 3462 521 3520 tunc
537 3473 603 3546 pro
621 3465 779 3550 tempore
804 3449 935 3527 fuerint
952 3453 989 3526 in
1016 3453 1107 3528 festo
1123 3453 1389 3553 Assumptionis
1404 3453 1503 3528 beate
1527 3453 1646 3527 Marie

436 3547 596 3649 Virginis
628 3549 825 3626 duodecem
858 3553 1021 3628 denarios
1053 3580 1119 3654 pro
1160 3555 1300 3629 annuali
1334 3555 1500 3629 redditu:
1544 3571 1580 3628 et
1614 3555 1643 3628 si

436 3648 619 3748 continget
644 3651 844 3747 predictum
869 3655 1054 3729 annualem
1076 3655 1257 3730 redditum
1279 3655 1325 3730 de
1341 3653 1421 3757 xijd.
1442 3655 1487 3730 ad
1512 3652 1644 3728 festum

435 3749 493 3823 vel
527 3751 720 3825 terminum
755 3753 953 3852 predictum
995 3781 1070 3854 quo
1102 3755 1192 3831 solvi
1227 3755 1353 3830 debent
1385 3781 1405 3828 a
1438 3771 1534 3828 retro
1566 3752 1646 3828 fore

436 3849 633 3925 insolutum
661 3853 697 3926 in
723 3871 820 3954 parte
845 3855 903 3930 vel
929 3856 967 3929 in
996 3872 1077 3930 toto
1107 3858 1199 3930 ultra
1224 3857 1417 3931 terminum
1443 3855 1644 3955 predictum

436 3974 541 4066 pers
606 3953 682 4070 ium
707 3967 777 4030 ttu'¹
793 3955 944 4075 dierum,
968 3957 997 4031 si
1022 3956 1179 4075 legitime
1205 3959 1368 4056 petitum,
1396 3973 1482 4074 tunc
1506 3957 1644 4032 licitum

435 4066 504 4125 ent
585 4077 672 4155 ajon
714 4069 751 4132 et
784 4055 1005 4134 Custodibus
1038 4057 1121 4136 vdle
1163 4059 1320 4159 predicte
1352 4083 1415 4158 qur
1449 4074 1536 4132 tunc
1578 4083 1646 4158 pro
