3744 5296
433 509 480 582 24
790 485 967 562 DOVER
992 485 1270 562 CHARTERS

978 785 1023 866 X
1036 786 1054 865 1
1069 786 1100 866 1.

797 961 844 1044 iiij
866 961 1035 1043 Augusti,
1059 974 1098 1042 13
1120 960 1220 1028 Edw.
1243 961 1271 1028 Ι.

434 1121 661 1195 Eownnous
699 1117 756 1194 dei
790 1117 906 1218 gracia
942 1119 1019 1192 Rex
1052 1116 1198 1218 Anglie,
1231 1117 1412 1192 Dominus
1453 1113 1640 1204 Hibernis,

434 1224 520 1297 Dux
565 1220 771 1321 Aquitanis,
811 1219 954 1294 Dilecto
1006 1219 1170 1294 servienti
1221 1217 1258 1292 in
1306 1216 1463 1307 Christo,
1508 1215 1641 1289 Abbati

435 1323 480 1397 de
523 1321 984 1397 ffaveresham--Salutem
1053 1319 1111 1394 Ex
1152 1316 1295 1420 querela
1337 1318 1537 1394 Beronum·
1560 1343 1643 1391 nos-

435 1440 576 1499 trorum
626 1422 673 1497 de
726 1421 957 1497 ffaveresham
1011 1419 1208 1520 accepimus
1266 1419 1366 1521 quod
1417 1443 1493 1508 vos,
1539 1418 1643 1534 juxta

435 1524 612 1626 quandam
637 1523 932 1622 composicionem
956 1521 1096 1596 dudum
1121 1521 1215 1596 inter
1236 1545 1302 1594 vos
1326 1535 1362 1595 et
1387 1520 1483 1620 ipsos
1506 1518 1642 1607 imtam‚

435 1637 565 1726 ponere
615 1625 770 1700 debeatis
818 1650 933 1698 unum
975 1623 1159 1697 hominem
1200 1647 1243 1696 ex
1293 1637 1391 1720 parte
1429 1636 1549 1694 vestra
1598 1620 1643 1694 ad

436 1728 614 1828 prisonam
639 1743 796 1800 nostram
820 1724 953 1800 ibidem
982 1724 1217 1822 adsumptus
1244 1737 1379 1796 vestros
1409 1720 1643 1809 custodiend’,

437 1855 507 1902 una
523 1853 606 1901 cum
622 1826 779 1926 quodam
800 1825 873 1900 alio
895 1825 1040 1900 homine
1064 1850 1142 1923 per>
1194 1823 1329 1898 edictos
1345 1823 1499 1897 Berones
1514 1822 1643 1896 adhoc

436 1927 653 2018 inveniend’,
670 1952 735 2002 vos
750 1926 932 2000 hominem
948 1926 1103 2026 aliquem
1181 1925 1249 1998 hoc
1266 1924 1424 1997 invenire
1440 1923 1532 1997 sicut
1547 1922 1645 2023 prius

436 2029 620 2103 invenistis
660 2027 898 2103 contradicitis
931 2028 1049 2100 minus
1084 2026 1193 2128 juste,
1227 2025 1272 2100 ad
1305 2049 1414 2125 grave
1446 2024 1643 2123 dampnum

436 2133 597 2229 ipsorum
630 2129 809 2203 Baronum
843 2144 879 2202 et
920 2144 1044 2202 contra
1084 2123 1380 2226 composicionem
1421 2125 1642 2223 predictam:

437 2233 517 2306 Nos
550 2231 773 2304 advertentes
831 2228 902 2303 uod
945 2229 1140 2328 periculum
1178 2252 1240 2326 per
1273 2225 1453 2301 defectum
1486 2226 1646 2300 custodie

437 2331 642 2434 hujusmodi
668 2347 785 2430 posset
804 2255 940 2404 intutis
964 2329 1184 2429 temporibus
1208 2326 1355 2402 iminere
1374 2326 1477 2402 vobis
1500 2327 1646 2402 manda-

438 2458 528 2524 mus,
554 2431 644 2506 sicut
668 2431 802 2530 pluries
831 2431 1085 2522 mandavimus,
1116 2429 1264 2504 firmiter
1289 2429 1514 2530 injungentes
1547 2427 1645 2529 quod

438 2535 619 2609 hominem
662 2532 863 2631 predictum
896 2533 940 2607 ad
975 2531 1169 2630 predictam
1235 2529 1390 2604 risonam
1424 2528 1645 2606 custodiend’

439 2661 482 2710 ex
502 2651 600 2734 parte
617 2648 736 2707 vestra
752 2633 837 2733 poni
863 2631 1008 2724 faciatis,
1025 2632 1116 2706 sicut
1141 2633 1178 2706 id
1203 2555 1316 2706 decere
1341 2631 1476 2705 debetis
1500 2647 1536 2706 et
1561 2654 1647 2704 con-

440 2736 603 2812 suevistis
626 2734 729 2835 juxta
758 2734 1054 2832 composicionem
1083 2733 1278 2832 predictam
1302 2747 1339 2805 et
1357 2731 1461 2833 juxta
1486 2747 1647 2807 tenorem

439 2836 683 2938 predictorum
724 2836 972 2909 mandatorum
1014 2850 1218 2909 uostmrum
1252 2831 1354 2907 vobis
1394 2831 1524 2931 pluries
1564 2832 1648 2908 inde

440 2939 669 3026 directorum,
688 2937 742 3010 Ita
758 2936 857 3037 quod
883 2937 1022 3034 culpam
1048 2950 1200 3010 vestram
1226 2934 1264 3007 in
1289 2934 1354 3006 hac
1378 2949 1478 3032 parte
1501 2957 1648 3032 arguere

440 3041 569 3113 merito
597 3064 670 3112 non
694 3037 895 3126 debeamus,
912 3037 970 3113 vel
993 3061 1058 3111 vos
1081 3035 1148 3136 ipsi
1174 3034 1250 3110 sitis
1275 3059 1394 3108 coram
1418 3032 1520 3107 nobis
1545 3059 1565 3106 a
1590 3034 1647 3108 die

439 3141 555 3215 Sancti
583 3139 772 3212 Michaelis
794 3138 1008 3238 ubicumque
1033 3153 1119 3213 tunc
1143 3135 1318 3212 fuerimus
1340 3136 1378 3208 in
1397 3135 1529 3234 Anglia
1546 3135 1583 3208 in
1600 3160 1646 3208 xv

440 3242 515 3317 dies
531 3241 575 3314 ad
591 3240 826 3340 respondend’
840 3238 984 3338 prefatis
1000 3237 1195 3313 Batonibus
1211 3261 1320 3337 quare
1336 3260 1450 3310 unum
1466 3236 1648 3310 hominem

438 3342 484 3416 ad
509 3343 688 3441 prisonem
712 3341 907 3440 predictam
932 3339 1151 3414 custodiend’
1176 3363 1308 3439 ponere
1337 3362 1409 3412 uon
1425 3336 1595 3426 debeatis,
1612 3353 1649 3411 et

438 3443 542 3517 nobis
558 3467 668 3542 quare
686 3443 850 3517 mandata
866 3457 988 3516 nostra
1002 3441 1136 3515 tociens
1152 3440 1256 3515 vobis
1272 3438 1355 3515 inde
1370 3438 1505 3514 directa
1521 3438 1646 3540 exequi

439 3543 715 3642 contempsistis,
732 3559 768 3617 et
784 3541 939 3616 habeatis
955 3541 1005 3615 ibi
1021 3541 1090 3616 hoc
1106 3541 1223 3615 breve.

514 3646 624 3720 Teste
648 3668 704 3717 me
729 3643 807 3742 ipso
830 3644 926 3742 apud
952 3644 1181 3720 Wolvemcre
1205 3641 1273 3743 ιὶἱ]ο
1288 3640 1345 3718 die
1367 3641 1526 3742 Augusti
1555 3665 1648 3714 anno

439 3746 539 3848 regni
565 3747 677 3820 nostri
704 3745 814 3820 tercio
839 3745 990 3820 decimo.
