3702 5254
451 459 523 531 304
812 435 991 511 novun
1018 435 1296 511 cananeus

447 663 591 739 quoque
617 637 738 726 modo,
755 637 887 710 eisdem
918 637 1063 810 bde‘aq'ori,
1093 638 1241 728 ballivo,
1257 654 1294 711 et
1316 638 1572 712 Communitati
1591 664 1654 737 per

447 755 622 838 presentes
648 737 775 811 damus
800 755 836 810 et
857 763 924 811 con
990 739 1082 812 imus
1108 739 1238 838 absque
1265 740 1384 840 aliquo
1408 757 1576 838 compoto
1592 766 1654 812 seu

446 841 566 939 aliquo
599 838 668 912 alio
700 837 801 912 nobis
843 855 905 912 aut
948 838 1137 912 heredibus
1178 841 1309 914 nostris
1350 842 1433 914 inde
1475 841 1654 929 reddend',

445 940 617 1030 solvend',
628 939 684 1012 vel
695 937 859 1013 faciend':
887 940 947 1013 Er
967 965 1157 1015 ouranios
1171 941 1416 1039 perdonamus,
1429 942 1654 1030 remittimus,

445 1059 481 1116 et
498 1043 690 1116 relaxamus
717 1067 780 1140 per
806 1057 984 1138 presentes
1006 1041 1139 1114 eisdem
1158 1042 1304 1143 Majori,
1322 1042 1472 1131 Ballivo‚
1490 1060 1526 1116 et
1542 1044 1655 1116 Com-

446 1141 611 1217 munitati
646 1141 869 1215 omnimodas
898 1142 1121 1232 donaciones,
1150 1143 1390 1232 alienaciones,
1419 1161 1455 1216 et
1482 1143 1653 1243 perquisi-

313 1253 317 1260 '
445 1244 642 1360 cinnes-per
659 1244 753 1342 ipsos
772 1243 960 1342 Majorem,
984 1243 1174 1333 Ballivum,
1196 1259 1232 1317 et
1259 1244 1574 1334 Communitatem,
1592 1261 1653 1318 aut

446 1371 508 1444 per
534 1343 686 1444 aliquam
712 1344 814 1417 aliam
841 1369 1038 1441 personam,
1065 1343 1139 1417 sive
1166 1344 1300 1445 aliquas
1317 1345 1399 1418 alias
1415 1371 1591 1444 personas,
1610 1347 1653 1419 de

445 1447 548 1518 terris
563 1463 600 1518 et
617 1445 837 1534 tenementis,
856 1445 1142 1518 hereditamentis
1160 1462 1197 1519 et
1217 1446 1492 1544 possessionibus
1509 1446 1655 1546 quibus-

444 1571 596 1662 cumque
619 1545 713 1619 unde
741 1545 848 1618 iidem
881 1545 1012 1646 Major,
1041 1547 1208 1635 Ballivus,
1243 1564 1279 1621 et
1313 1547 1560 1621 Communitas
1588 1548 1653 1620 soli

443 1648 549 1722 seisiti
577 1647 743 1734 existunt,
764 1646 820 1719 vel
847 1645 1065 1746 conjunctim
1093 1647 1197 1720 simul
1221 1647 1402 1738 eumalio,
1420 1649 1476 1721 vel
1492 1646 1578 1737 aliis,
1596 1649 1652 1721 vel

443 1749 487 1822 ali
515 1749 569 1822 uis
597 1749 695 1834 alius,
727 1764 788 1820 aut
818 1747 925 1846 aliqui
956 1747 1026 1833 alii,
1056 1749 1100 1822 ad
1132 1775 1234 1821 usum
1264 1751 1458 1823 eorundem
1490 1749 1653 1849 Majoris,

446 1775 582 1936 ballivi,
600 1865 636 1922 et
654 1847 929 1922 Communitatis
955 1848 1094 1923 saisitus
1120 1850 1252 1939 existit,
1275 1850 1332 1922 vel
1358 1850 1466 1924 seisiti
1488 1850 1653 1939 existunt,

445 1951 489 2025 de
508 1949 620 2038 nobis,
637 1965 699 2022 aut
716 1949 835 2048 aliquo
856 1949 1128 2049 progenitorum
1154 1967 1370 2039 nostrorum,
1397 1951 1433 2023 in
1459 1950 1572 2049 eapite
1597 1951 1654 2024 vel

445 2051 545 2124 aliter
562 2051 668 2124 tentis
689 2075 753 2147 per
775 2075 1033 2149 quamcumque
1057 2075 1242 2148 personam
1259 2077 1298 2124 ac
1315 2077 1552 2151 quascumque
1574 2077 1654 2150 per-

444 2177 557 2240 sonas,
574 2150 810 2224 antedictum
827 2149 921 2224 diem
939 2148 1047 2224 factas
1063 2167 1099 2224 et
1122 2151 1268 2241 habitas,
1284 2152 1428 2227 licencia
1446 2153 1555 2252 Regia
1571 2153 1654 2226 inde

447 2279 517 2326 non
547 2250 716 2326 obtenta:
756 2253 813 2323 Ac
842 2253 1086 2350 percepciones
1121 2254 1341 2352 receptiones
1375 2253 1492 2326 exitus
1529 2279 1654 2327 reven-

445 2353 572 2442 ciana,
601 2370 637 2427 et
670 2351 828 2451 prolicua
856 2355 1049 2428 eorundem
1086 2369 1269 2443 terrarum,
1294 2372 1590 2442 tenementorum,
1616 2370 1652 2427 et

446 2454 814 2542 hereditamentorum,
837 2469 873 2526 et
900 2453 1168 2552 possessionum,
1195 2471 1231 2528 et
1256 2455 1441 2556 cujuslibet
1467 2455 1551 2528 inde
1572 2481 1653 2554 par-

445 2555 539 2644 celle‚
574 2571 654 2628 ante
684 2554 884 2652 predictum
922 2555 1016 2628 diem
1050 2552 1158 2628 factas
1190 2555 1264 2628 sive
1298 2555 1455 2630 habitas:
1500 2557 1652 2630 Necnon

444 2657 565 2730 eadem
582 2655 698 2728 exitus
715 2654 873 2754 prolicua
889 2672 925 2729 et
941 2657 1165 2729 revenciones
1181 2657 1312 2730 eisdem
1340 2657 1485 2757 Majori,
1504 2656 1652 2746 Ballivo,

444 2772 479 2831 et
498 2756 758 2831 Communitati
775 2758 901 2831 damus
917 2773 954 2830 et
966 2757 1191 2830 concedimus
1208 2781 1269 2856 per
1296 2775 1475 2856 presentes
1500 2757 1652 2832 habend'

444 2885 487 2930 ex
513 2858 611 2932 dono
639 2874 762 2931 nostro
788 2855 917 2957 absque
944 2883 1024 2931 com
1074 2873 1113 2931 to
1140 2858 1194 2930 vel
1216 2857 1335 2957 aliquo
1351 2859 1421 2932 alio
1438 2885 1504 2959 pro
1520 2859 1651 2934 eisdem

443 2985 504 3033 seu
533 2985 658 3033 eorum
687 2957 807 3058 aliquo
836 2958 937 3031 nobis
971 2883 1150 3049 reddbnd’,
1186 2959 1357 3049 solvend',
1396 2962 1451 3032 vel
1490 2958 1648 3035 faciend’.

448 3061 721 3134 Paxooxnmus
736 3059 845 3132 eciam
863 3058 1078 3132 remittimus
1095 3076 1130 3133 et
1153 3059 1346 3133 relaxamus
1357 3059 1490 3135 eisdem
1504 3060 1651 3162 Majori,

446 3163 594 3250 Ballivo,
610 3179 646 3235 et
665 3159 925 3234 Communitati
942 3185 1064 3234 omnes
1081 3176 1116 3233 et
1134 3159 1357 3235 omnimodas
1376 3161 1651 3250 benevolencias,

443 3278 478 3334 et
496 3287 619 3336 omnes
635 3277 671 3335 et
693 3259 915 3333 omnimodas
940 3261 1170 3358 pecuniarum
1197 3286 1351 3336 summas
1378 3261 1521 3336 nomine
1547 3262 1652 3336 bene-

444 3362 612 3452 volencie,
656 3360 833 3435 carissimo
867 3361 956 3459 patri
987 3377 1111 3436 nostro
1141 3387 1251 3460 nuper
1286 3363 1374 3464 Regi
1400 3363 1543 3464 Anglie
1579 3363 1646 3439 .H.

442 3465 611 3562 Septimo,
628 3478 691 3535 aut
708 3460 785 3535 aliis
801 3461 1085 3561 progenitoribus
1106 3463 1232 3537 nostris
1248 3463 1322 3536 sive
1340 3463 1650 3564 predecessoribus,

444 3590 506 3664 per
535 3565 630 3663 ipsos
661 3561 850 3662 Majorem,
879 3562 1065 3653 Ballivum‚
1083 3578 1118 3637 et
1144 3563 1457 3655 Communitatem,
1487 3566 1562 3639 sive
1587 3590 1650 3663 per

441 3664 594 3764 aliquem
611 3679 867 3738 antecessorum
884 3689 1042 3754 suorum,
1057 3689 1117 3737 seu
1135 3690 1197 3762 per
1214 3664 1365 3765 aliquem
1377 3667 1499 3756 alium,
1513 3666 1570 3739 vel
1587 3691 1650 3764 per

442 3766 484 3838 ali
513 3791 593 3838 uem
611 3779 827 3853 testatorem,
844 3764 918 3837 sive
938 3764 1074 3865 aliquos
1092 3780 1277 3840 testatores
1302 3767 1459 3866 ipsorum
1486 3767 1649 3867 Majoris,

443 3869 472 3941 B
520 3866 579 3954 'vi,
597 3881 633 3939 et
649 3864 935 3954 Communitatis,
948 3867 1022 3940 sive
1034 3891 1097 3965 per
1108 3866 1261 3967 aliquem
1273 3868 1381 3940 alium
1394 3867 1647 3943 obintestatum

441 3968 681 4056 decedentem,
716 3965 816 4140 cuppa
849 3965 1024 4040 bonorum
1064 3984 1100 4040 et
1143 3968 1348 4042 catallorum
1385 3969 1648 4044 administracio

441 4069 572 4144 eisdem
592 4067 739 4155 Ma'ori,
782 4067 901 4157 alliso,
912 4083 948 4142 et
966 4067 1225 4143 Communitati
1236 4069 1405 4144 commiss
1417 4069 1500 4162 fuit,
1514 4085 1550 4144 et
1563 4095 1649 4144 con-

442 4195 545 4262 cessa,
558 4185 594 4242 et
609 4092 709 4243 nobis
721 4168 849 4268 quovis
862 4169 971 4243 modo
983 4169 1141 4244 debitas:
1169 4173 1226 4244 Ac
1238 4195 1361 4244 omnes
1378 4187 1413 4244 et
1426 4171 1648 4246 omnimodas

441 4272 593 4346 decimas
630 4284 666 4343 et
702 4270 841 4369 quintas
875 4269 1040 4360 decimas,
1074 4270 1203 4345 auxilia
1240 4273 1404 4362 subsidia,
1430 4271 1539 4371 dupla
1563 4273 1648 4346 sub-
