3750 5258
803 461 985 534 DOVER
1012 458 1292 534 CHARTERS

967 759 1054 839 LV
1066 759 1084 838 1
1099 759 1130 838 1.

827 935 863 1018 ἢ]
884 935 994 1016 Junu,
1018 949 1058 1014 13
1079 934 1170 1002 taen.
1195 934 1253 1001 1v.

441 1089 589 1164 Sciam
618 1105 797 1186 presentes
820 1105 856 1162 et
886 1089 997 1162 futtui
1025 1089 1125 1190 quod
1152 1114 1231 1190 ego,
1252 1092 1385 1190 Agnes,
1415 1087 1487 1162 filia
1503 1105 1538 1162 et
1556 1089 1654 1161 heres

441 1189 635 1264 Alexandri
654 1191 817 1279 Poitone,
830 1191 875 1264 de
886 1189 1067 1279 Dovorra,
1081 1191 1176 1281 dedi,
1190 1191 1357 1280 concessi,
1368 1207 1416 1280 et,
1427 1191 1491 1264 hac
1500 1187 1653 1288 presenti

442 1307 535 1364 carta
562 1317 648 1382 mea,
676 1291 880 1367 confirmavi
906 1292 1050 1366 Thome
1075 1309 1130 1364 ate
1156 1292 1327 1381 Crouche‚
1353 1292 1397 1365 de
1415 1293 1590 1378 Dovorra,
1619 1306 1655 1362 et

441 1393 614 1486 Johanne,
645 1392 747 1466 uxori
774 1393 861 1494 ejus,
893 1409 1006 1468 totam
1033 1409 1168 1491 partem
1195 1418 1307 1468 meam
1334 1391 1440 1466 unius
1464 1391 1655 1466 tenementi

443 1517 524 1568 cum
541 1493 765 1592 pertinenciis
781 1495 948 1567 situatam
965 1492 1057 1567 infra
1080 1493 1276 1568 libertatem
1294 1511 1418 1593 portus
1434 1494 1598 1566 Dovorre
1618 1491 1656 1564 in

445 1595 759 1693 Mankynewarde,
779 1597 869 1669 inter
897 1619 934 1668 re
961 1595 1030 1666 'am
1058 1609 1203 1668 stratam
1228 1620 1350 1670 versus
1376 1594 1589 1680 southeeast,
1619 1609 1655 1665 et

442 1712 572 1769 terram
590 1695 739 1770 Roberti
759 1696 919 1794 Boydyn‚
1007 1695 1080 1784 her,
1097 1721 1219 1770 versus
1234 1698 1458 1784 southewest,
1474 1712 1510 1767 et
1528 1711 1657 1767 terram

442 1797 592 1896 predicti
627 1798 770 1871 Thome
803 1822 927 1872 versus
960 1797 1186 1886 northewest,
1219 1814 1256 1870 et
1291 1799 1383 1871 inter
1417 1811 1657 1870 tenementum

442 1897 613 1992 Johannis
623 1898 771 1972 Petham
785 1923 906 1971 versus
921 1899 1121 1972 northeeast
1137 1925 1144 1970 :
1170 1897 1319 1973 habend’
1332 1914 1368 1972 et
1384 1897 1528 1972 tenend'
1545 1910 1658 1969 totam

443 1999 575 2074 dictam
593 2017 730 2098 partem
756 2024 870 2074 meam
896 1999 1044 2099 predicti
1071 1998 1264 2073 tenementi
1291 2024 1372 2073 cum
1398 1998 1562 2072 omnibus
1586 1997 1657 2069 suis

444 2099 668 2198 pertinenciis
701 2100 954 2200 prenominatis
995 2099 1138 2173 Thome
1178 2115 1214 2173 et
1243 2100 1415 2194 Johanne,
1447 2099 1549 2172 uxori
1580 2121 1654 2186 sue,

444 2200 632 2275 heredibus
647 2217 683 2274 et
695 2202 878 2302 assignatis
895 2201 1006 2300 ipsius
1021 2201 1164 2274 Thome
1177 2201 1441 2300 imperpetuum
1460 2228 1467 2274 :
1497 2198 1658 2273 ffaciend'

445 2303 527 2376 inde
555 2303 743 2376 servicium
766 2303 901 2378 domini
927 2303 1036 2402 Regis
1058 2327 1139 2376 cum
1162 2303 1326 2376 acciderit
1349 2301 1543 2376 secundum
1573 2324 1659 2373 con-

444 2403 668 2477 suetudinem
698 2423 823 2503 portus
857 2403 1005 2502 predicti
1033 2427 1100 2500 pro
1127 2404 1292 2477 omnibus
1325 2403 1402 2476 aliis
1434 2401 1589 2475 serviciis
1622 2415 1657 2473 et

445 2503 630 2578 demendis
645 2531 652 2577 :
672 2519 707 2576 ct
718 2528 797 2604 ego,
812 2504 1013 2604 supradicta
1024 2503 1159 2604 Agnes,
1171 2521 1207 2578 et
1218 2504 1363 2578 heredes
1373 2503 1454 2591 mei,
1465 2503 1659 2600 predictam

447 2621 581 2704 partem
616 2629 730 2676 meam
772 2605 922 2702 predicti
965 2605 1156 2678 tenementi
1199 2631 1281 2678 cum
1323 2605 1395 2678 suis
1437 2603 1660 2703 pertinenciis

446 2704 744 2805 supranominatis
762 2706 904 2779 Thome
927 2721 963 2779 et
989 2707 1164 2800 Johanne,
1183 2707 1286 2780 uxori
1312 2704 1399 2808 ejus,
1417 2703 1603 2778 heredibus
1623 2719 1659 2776 et

446 2806 630 2906 assignatis
658 2805 817 2906 ejusdem
842 2806 994 2894 Thome,
1016 2823 1141 2882 contra
1163 2832 1287 2881 omnes
1324 2823 1448 2908 gentes
1473 2805 1660 2880 warantiz-

446 2907 584 2982 abimus
599 2905 873 3005 imperpetuum.

522 3008 563 3080 ln
581 3007 680 3108 cujus
696 3009 746 3082 rei
763 3007 1008 3083 testimonium
1025 3009 1106 3082 huic
1122 3009 1275 3108 presenti
1293 3026 1386 3084 carte
1411 3033 1487 3081 mee
1503 3005 1658 3108 sigillum

448 3135 566 3183 meum
584 3109 741 3208 apposui.

524 3212 617 3284 Data
634 3209 803 3284 Dovorra
819 3211 929 3285 tercio
945 3210 1004 3284 die
1028 3209 1125 3304 Junii
1143 3235 1236 3282 anno
1253 3211 1351 3310 regni
1371 3210 1478 3310 Regis
1495 3209 1659 3298 Henrici‚

449 3325 578 3410 quarto
595 3327 677 3409 post
694 3328 925 3410 conquestum
943 3311 1088 3411 Anglie,
1106 3311 1215 3384 tercio
1232 3311 1381 3384 decimo.

526 3410 612 3483 Hiis
645 3412 817 3486 testibus:
861 3411 1024 3506 Johanne
1059 3411 1262 3502 Evebroke,
1298 3411 1439 3512 Majore
1467 3411 1659 3498 Dovorre3

449 3510 593 3584 Thoma
611 3511 716 3612 Page‚
729 3512 891 3600 Balliv03
910 3512 1085 3586 Nicholao
1102 3513 1248 3610 Spisour
1265 3536 1275 3600 ;
1292 3514 1454 3607 Johanne
1472 3513 1631 3587 Gartone
1648 3535 1658 3598 ;

450 3612 612 3707 Johanne
629 3612 760 3711 Robyn
778 3637 788 3702 ;
814 3612 1001 3686 Wilielmo
1027 3613 1280 3701 Middeltone;
1306 3615 1451 3688 Thoma
1468 3612 1630 3712 Curlyng
1648 3636 1659 3700 ;

449 3714 613 3809 Johanne
632 3713 780 3788 Petham
804 3739 813 3802 ;
841 3713 996 3788 Ricardo
1011 3713 1209 3803 Sedenore;
1236 3729 1271 3789 et
1288 3713 1371 3791 aliis.
