3702 5254
837 455 1017 528 DOVER
1044 453 1322 530 CHARTERS

987 755 1031 834 X
1044 756 1078 835 C
1092 755 1110 833 1
1124 755 1179 834 X.

809 933 848 998 ix
870 932 1046 1013 Octobris,
1067 931 1110 999 26
1131 933 1223 1000 nen
1245 931 1347 999 Vlll.

476 1086 692 1162 Hsnmcus
717 1088 879 1161 Octavus
901 1087 958 1161 dei
982 1089 1098 1186 gracia
1118 1089 1178 1160 An
1205 1089 1251 1159 lie
1275 1105 1312 1161 et
1338 1087 1480 1161 ffrancie
1499 1089 1586 1176 Rex,
1601 1087 1682 1159 fidei

473 1187 651 1276 defensor,
685 1207 721 1263 et
748 1189 927 1262 Dominus
957 1188 1144 1280 Hibernie,
1176 1113 1374 1262 iredilecto
1400 1206 1436 1262 et
1469 1188 1564 1262 fideli
1599 1212 1684 1260 con-

474 1289 606 1364 siliario
639 1315 707 1363 suo
755 1289 926 1390 Georgio,
964 1289 1114 1364 domino
1157 1288 1369 1380 Rocheford,
1413 1289 1684 1364 Constabulario

476 1390 593 1464 Castri
627 1393 803 1482 Dovorre,
836 1415 876 1464 ac
919 1391 1070 1478 Custodi
1112 1391 1273 1491 quinque
1312 1391 1490 1464 Portuum
1522 1415 1679 1476 suorum,

475 1491 695 1592 Dilectisque
724 1509 759 1564 et
785 1491 950 1566 fidelibus
966 1491 1038 1564 suis
1053 1491 1206 1585 Johanni
1225 1491 1350 1580 Hales,
1368 1491 1430 1566 uni
1448 1493 1626 1564 Baronum
1640 1491 1684 1564 de

475 1593 645 1666 scaccario
661 1617 739 1681 suo,
756 1608 793 1665 et
811 1591 1009 1666 Cristofero
1027 1592 1151 1684 Hales,
1168 1592 1331 1666 Generali
1349 1594 1545 1668 Attornato
1557 1618 1633 1681 suo,
1644 1618 1683 1664 ac

474 1693 612 1768 dilectis
648 1693 720 1768 suis
749 1693 900 1787 Jolsanni
929 1694 1093 1790 Paynter‚
1124 1693 1266 1767 Thome
1304 1693 1382 1766 Vau
1408 1694 1488 1783 han,
1524 1693 1683 1767 Roberto

475 1795 699 1884 Nethersole,
741 1794 896 1888 Johanni
935 1794 1050 1884 Elam,
1094 1795 1247 1870 Ricardo
1290 1721 1463 1892 Comiye,
1503 1794 1682 1869 Edwardo

477 1895 599 1992 Maye,
631 1895 785 1989 Johanni
827 1895 958 1988 Bowle,
999 1911 1036 1970 et
1079 1895 1270 1994 Radulpho
1310 1894 1682 1994 Bufkyn-Salutem.

473 1995 595 2070 Sciatis
610 1997 710 2096 quod
736 2021 799 2070 nos
818 1996 863 2069 de
883 1995 1112 2070 fidelitatibus
1132 2013 1170 2069 et
1192 1995 1350 2094 providis
1374 1997 1683 2094 circumspecioni-

476 2095 542 2169 bus
572 2098 697 2171 vestris
722 2096 859 2195 plenius
884 2097 1100 2172 confidentes
1124 2097 1377 2196 assignavimus
1401 2123 1477 2186 vos,
1495 2123 1534 2171 ac
1560 2115 1682 2171 tenore

474 2197 704 2295 presencium,
747 2198 874 2271 damus
916 2197 1029 2286 vobis,
1071 2214 1108 2271 et
1148 2198 1288 2272 duobus
1330 2214 1499 2286 vestrum,
1542 2199 1682 2297 plenam

474 2313 685 2396 potestatem
702 2315 739 2372 et
758 2298 1006 2372 auctoritatem
1031 2323 1070 2372 ca
1095 2297 1188 2372 iend'
1205 2315 1241 2373 et
1267 2299 1455 2398 recipiend’
1471 2315 1685 2373 sacramenta

473 2415 510 2472 et
527 2399 712 2474 fidelitates
729 2399 890 2474 omnium
908 2415 944 2472 et
969 2398 1048 2499 sing
1087 2425 1191 2474 orum
1208 2401 1385 2500 ligeorum
1402 2418 1438 2475 et
1454 2401 1681 2476 subditorum

474 2517 678 2574 nostrorum
704 2525 1012 2601 quorumcumque
1029 2517 1100 2574 tam
1117 2501 1352 2600 spiritualium
1377 2527 1485 2602 quam
1504 2519 1685 2600 tempora-

474 2601 575 2694 lium,
593 2601 866 2676 inhabitancium
888 2617 925 2676 et
947 2601 1178 2676 residentium
1205 2601 1297 2676 infra
1312 2603 1443 2676 Villam
1469 2621 1504 2677 et
1529 2604 1681 2676 Portum

473 2703 518 2778 de
548 2704 725 2796 Dovorrs,
763 2720 799 2776 et
833 2702 991 2777 membra
1018 2703 1188 2804 ejusdem,
1217 2730 1288 2804 que
1323 2721 1405 2778 sunt
1443 2705 1487 2778 de
1519 2704 1681 2778 libertate

500 2804 632 2904 uinque
650 2821 832 2904 portuum,
847 2803 1101 2905 cujuscumque
1113 2805 1245 2906 gradus
1262 2821 1373 2878 status
1388 2831 1452 2878 seu
1464 2804 1682 2880 condicionis

473 2829 621 2994 luerint,
650 2903 753 3006 juxta
782 2905 858 2978 vim
888 2903 1041 2979 formam
1074 2921 1111 2979 et
1145 2905 1314 2979 effectum
1341 2907 1526 3007 cujusdam
1555 2907 1679 2981 statuti

473 3005 509 3078 in
537 3006 690 3104 presenti
718 3006 955 3081 Parliamento
985 3022 1107 3081 nostro
1135 3007 1179 3080 ad
1204 3007 1439 3098 securitatem,
1470 3023 1612 3095 statum,
1644 3025 1680 3080 et

471 3107 724 3180 successionem
756 3125 890 3182 nostras
918 3107 1148 3182 conservend'
1169 3108 1255 3182 editi
1285 3134 1324 3182 ac
1347 3107 1491 3206 provisi,
1518 3135 1557 3182 ac
1576 3109 1681 3210 juxta

473 3224 633 3282 tenorem
675 3209 879 3283 sacramenti
923 3209 1143 3307 presentibus
1184 3209 1337 3296 annexi3
1363 3224 1399 3282 et
1437 3234 1520 3282 cum
1557 3211 1678 3284 eadem

471 3324 686 3382 sacramenta
702 3309 751 3382 sic
775 3308 949 3407 reperitis,
968 3334 1031 3382 nos
1048 3309 1092 3384 de
1118 3309 1319 3384 nominibus
1335 3335 1458 3384 eorum
1476 3309 1679 3411 hujusmodi

472 3425 687 3484 sacramenta
712 3434 829 3482 coram
855 3408 957 3482 vobis
982 3409 1186 3509 prestabunt
1203 3411 1240 3484 in
1266 3410 1503 3484 cancellariam
1521 3430 1679 3486 nostram

471 3509 538 3583 sub
579 3511 704 3610 sigillis
747 3511 881 3602 vestris,
917 3511 976 3584 vel
1009 3511 1164 3584 duorum
1202 3528 1372 3605 vestrum,
1400 3511 1474 3585 sine
1511 3513 1679 3588 dilatione

470 3611 627 3685 reddatis
667 3610 857 3684 certiores:
898 3611 1118 3686 remittentes
1148 3611 1249 3687 nobis
1279 3613 1340 3686 has
1368 3613 1502 3688 litteras
1541 3632 1679 3688 nostras

469 3725 650 3810 patentes:
694 3728 730 3784 et
758 3711 838 3785 ideo
871 3712 972 3787 vobis
1000 3714 1209 3788 mandamus
1241 3715 1340 3813 quod
1383 3715 1472 3787 circa
1510 3715 1680 3814 premissa

471 3811 659 3913 diligenter
675 3811 866 3887 intendatis
891 3840 929 3887 ac
945 3840 985 3887 ea
998 3812 1131 3890 faciatis
1147 3831 1184 3890 et
1199 3815 1421 3914 exequamini
1435 3841 1516 3889 cum
1533 3815 1675 3892 effectu.
