3702 5254
790 437 969 512 DOVER
995 437 1275 514 CHARTERS

1009 742 1055 821 C.

814 937 868 984 xx
888 917 985 998 Julii‚
1006 931 1048 998 32
1070 917 1163 984 Heu.
1185 916 1285 984 v111.

431 1079 602 1152 Pursrus
630 1077 817 1152 indenturs
837 1093 993 1164 testatur,
1017 1076 1116 1177 quod
1137 1076 1317 1170 Johannes
1343 1075 1491 1164 Boules,
1518 1073 1639 1176 Major

430 1180 514 1253 ville
539 1204 577 1252 ac
606 1179 739 1252 Portus
763 1179 940 1268 Dovorre,
956 1178 1136 1271 Johannes
1152 1177 1324 1264 Goodtle‚
1342 1178 1504 1250 Thomas
1522 1177 1635 1262 Petre,

430 1280 590 1354 Thomas
619 1278 757 1380 Smyth,
785 1295 821 1352 et
852 1279 1056 1352 Willelmus
1073 1279 1222 1367 Loome,
1240 1279 1416 1352 Custodes
1433 1278 1526 1352 dicte
1543 1276 1638 1367 ville,

431 1381 590 1456 unanimi
617 1406 756 1454 assensu
782 1397 818 1453 et
844 1405 1017 1454 concensu
1044 1381 1158 1454 tocius
1183 1378 1459 1454 Communitatis
1482 1379 1640 1480 ejusdem

432 1481 514 1556 ville
531 1483 754 1556 tradiderunt
772 1497 1018 1555 concesserunt
1038 1497 1073 1554 et
1100 1483 1144 1556 ad
1160 1479 1258 1555 feodi
1275 1481 1412 1553 firmam
1429 1479 1641 1554 dimiserunt

430 1582 583 1678 Johanni
608 1581 712 1656 Elam
738 1583 783 1656 de
808 1583 984 1672 Dovorre,
1012 1582 1149 1676 Juruto‚
1198 1583 1348 1656 utndam
1369 1581 1524 1679 placeam
1547 1598 1640 1654 terre

431 1710 513 1757 curn
547 1685 619 1756 suis
661 1682 885 1782 pertinenciis
920 1684 1096 1784 jacentem
1139 1607 1232 1756 inira
1273 1682 1471 1756 libertatem
1511 1682 1641 1755 Portus
1717 1717 1719 1720 ·

434 1785 599 1858 Dovorre
634 1785 670 1857 in
709 1784 1033 1884 Scintemarywsrd,
1063 1783 1238 1882 capitand'
1276 1784 1320 1857 ad
1363 1800 1492 1856 terram
1529 1807 1641 1880 nuper

433 1886 573 1959 Thome
616 1884 765 1984 ffyneux
808 1910 931 1960 versus
971 1886 1165 1960 southwest
1215 1899 1251 1957 et
1295 1885 1468 1973 northcst,
1510 1901 1640 1957 terram

434 1985 613 2084 Radulphi
658 1983 804 2083 Bulkyn
848 2011 969 2060 versus
1010 2001 1074 2076 est,
1116 2002 1152 2058 ct
1199 2011 1425 2059 communem
1467 1985 1641 2058 venellam

433 2089 620 2161 ducentem
646 2087 690 2159 de
717 2103 821 2185 ports
840 2103 878 2161 et
900 2087 1011 2160 muris
1038 2087 1132 2161 dicte
1159 2085 1243 2160 ville
1268 2088 1433 2162 Dovorre
1463 2086 1640 2186 usquead

435 2189 559 2262 Priore
583 2187 680 2260 Lane
706 2212 828 2262 versus
853 2187 985 2262 north:
1018 2187 1190 2262 unsruo'
1216 2205 1251 2261 et
1274 2187 1417 2262 tenend’
1447 2187 1640 2287 predictam

457 2291 588 2362 lacesm
615 2304 707 2361 terre
737 2313 818 2361 cum
841 2289 912 2362 suis
939 2289 1163 2386 pertinenciis
1189 2287 1326 2386 prefato
1342 2289 1496 2384 Johcnni
1524 2288 1640 2378 Elam,

433 2316 620 2462 heredibus
649 2405 686 2462 et
719 2389 901 2488 assignatis
926 2388 1009 2478 suis,
1034 2389 1321 2488 imperpetuum:
1362 2389 1523 2464 ffrciend’
1557 2389 1641 2462 inde

433 2490 621 2564 servicium
647 2489 783 2564 domini
824 2489 930 2590 Regis
959 2491 1155 2564 secundum
1194 2491 1485 2564 consuetudinem
1514 2507 1641 2588 portus

435 2590 584 2690 predicti
602 2616 682 2664 cum
700 2591 889 2666 acciderit:
917 2607 953 2664 et
969 2593 1138 2666 reddend'
1157 2593 1238 2665 inde
1257 2591 1438 2666 annuatim
1457 2591 1589 2693 Majori
1605 2607 1642 2663 et

435 2690 641 2766 custodibus
666 2691 823 2792 ejusdem
851 2692 934 2766 ville
960 2694 1022 2810 qui
1050 2718 1116 2794 pro
1143 2709 1302 2790 tempore
1327 2691 1461 2767 fuerint
1486 2693 1522 2766 in
1549 2691 1642 2765 festo

435 2793 642 2867 Natiuitatis
653 2792 750 2868 beate
759 2793 1042 2892 MarieVirgmis
1051 2810 1206 2894 quatuor
1215 2793 1377 2867 denarios
1390 2793 1642 2894 sterlingorum

434 2893 593 2968 annualis
618 2893 797 2969 redditus:
827 2912 864 2969 et
889 2894 1038 2994 predicti
1063 2895 1184 2996 Major
1208 2909 1244 2968 et
1268 2895 1443 2970 Custodes
1468 2920 1506 2969 ac
1532 2895 1644 2968 Com-

436 2995 588 3070 munitas
619 2995 714 3068 dicte
745 2995 827 3069 ville
855 3012 891 3068 et
921 3021 1044 3069 eorum
1068 3019 1282 3069 successores
1308 2997 1454 3070 eandem
1488 2998 1642 3095 placeam

435 3113 528 3170 terre
545 3119 627 3170 cum
650 3097 723 3170 suis
747 3097 970 3195 pertinenciis
986 3095 1124 3194 prefato
1147 3095 1301 3192 Johsnni
1320 3096 1437 3188 Elam,
1457 3097 1645 3170 heredibus

433 3214 471 3272 et
499 3197 680 3314 assignatis
705 3197 790 3287 suis,
823 3198 861 3270 in
895 3196 1009 3271 forma
1036 3198 1192 3296 predicta
1226 3213 1348 3271 contra
1372 3223 1495 3272 omnes
1519 3214 1644 3298 gentes

434 3296 712 3373 wsrsntrzsbunt
727 3299 1003 3396 imperpetuum.

512 3400 556 3472 In
582 3399 682 3499 cujus
710 3399 760 3473 rei
787 3399 1031 3473 testimonium
1061 3399 1129 3474 hiis
1157 3399 1358 3474 indenturis
1387 3415 1459 3472 tam
1486 3399 1643 3498 sigillum

436 3499 541 3574 officii
570 3499 771 3672 Magomtus
798 3501 963 3574 Dovorre
990 3501 1145 3599 predicte
1174 3525 1283 3600 qusm
1310 3498 1466 3599 sigillum
1494 3501 1642 3600 predicti

434 3599 606 3695 Johsnnis
657 3600 726 3673 lam
744 3601 942 3674 alternatim
955 3617 1038 3675 sunt
1054 3625 1214 3700 appensa.

512 3701 607 3774 Data
639 3702 734 3799 apud
772 3703 974 3776 Dovorram
1009 3703 1214 3801 predictam,
1248 3700 1417 3774 vicesimo
1449 3701 1508 3776 die
1541 3701 1641 3796 Julii‚

436 3827 530 3876 anno
542 3801 641 3901 regni
658 3803 763 3902 Regis
781 3801 932 3877 Henrici
951 3803 1066 3877 octavi
1084 3803 1261 3878 tricesimo
1278 3800 1443 3876 secundo.
