3702 5254
486 477 557 567 με
848 467 1029 543 uovss
1056 467 1333 543 enascens

482 687 518 744 et
545 668 769 771 singulorum
795 693 1109 782 quorumcumque
1129 683 1357 756 statutorum,
1374 684 1533 758 actuum,
1549 669 1692 744 ordina-

483 772 639 859 cionum,
675 769 931 868 provisionum,
965 767 1241 858 restnccionum,
1281 768 1611 866 proclamacionum,
1655 787 1691 844 et

483 871 781 972 prohibicionum,
797 886 878 944 ante
895 871 1032 945 dictum
1047 869 1253 943 vicesimum
1267 869 1420 944 tercium
1433 871 1529 944 diem
1543 871 1690 971 Aprilis,

482 972 790 1073 qualitercumque
816 969 1005 1060 factorum,
1032 970 1226 1058 editorum,
1253 968 1328 1044 sive
1345 971 1595 1069 provisorum:
1633 974 1690 1045 Ac

481 1099 606 1148 omnes
635 1089 672 1146 et
701 1071 857 1173 singulas
886 1070 1187 1172 transgressiones,
1204 1086 1442 1170 contemptus,
1472 1089 1508 1146 et
1542 1072 1691 1146 offensas

483 1201 545 1274 per
555 1173 650 1272 ipsos
664 1173 856 1274 Majorem,
871 1173 1061 1260 Ballivum,
1075 1188 1111 1246 et
1125 1170 1428 1246 Communitatem
1442 1189 1522 1248 ante
1535 1175 1689 1248 eundem

481 1276 577 1349 diem
605 1273 913 1376 qualitercumque
939 1272 1128 1362 factorum,
1156 1272 1348 1361 editorum,
1365 1271 1439 1346 sive
1465 1274 1689 1373 provisorum

483 1393 604 1450 contra
620 1373 772 1450 formam
789 1391 852 1450 aut
877 1373 1044 1448 effectum
1071 1372 1219 1474 alicujus
1245 1374 1441 1448 eorundem
1462 1390 1689 1465 statutorum,

481 1494 640 1566 actuum,
674 1476 955 1565 ordinacionum,
993 1474 1249 1591 provisionum,
1288 1473 1567 1564 restriccionum,
1606 1501 1690 1576 pro-

482 1578 746 1663 clamationum,
774 1593 810 1650 et
837 1576 1122 1676 prohibicionum
1151 1574 1458 1675 qualitercumque
1483 1574 1590 1650 factas
1614 1577 1689 1650 sive

482 1693 719 1778 perpetratas:
749 1678 900 1752 Necnon
926 1701 1050 1751 omnes
1076 1693 1112 1750 et
1138 1675 1295 1777 singulas
1314 1674 1564 1766 forisfacturas,
1583 1679 1689 1776 puni-

482 1781 609 1868 ciones,
641 1779 960 1878 imprisonamenta‚
988 1777 1085 1866 lines,
1111 1777 1386 1875 redemptiones,
1411 1779 1689 1868 amerciamenta,

483 1907 601 1979 penas,
631 1879 846 1978 pecuniarias
875 1895 912 1952 et
940 1877 1139 1977 corporales
1167 1895 1288 1966 sectas,
1314 1880 1485 1978 querelas,
1522 1905 1690 1978 prosecu-

483 1982 610 2069 ciones,
624 1979 1125 2080 condempnaciones,judicia,
1137 1980 1375 2068 execuciones,
1386 1980 1516 2068 debita,
1529 1981 1690 2055 denario-

482 2107 563 2156 rum
580 2106 736 2156 summas
752 2097 788 2154 et
805 2080 978 2155 demanda
994 2105 1082 2180 quas
1099 2079 1155 2153 vel
1172 2106 1242 2180 que
1264 2105 1339 2170 nos,
1367 2096 1429 2154 aut
1453 2081 1579 2180 aliquis
1605 2107 1690 2180 pro-

480 2183 685 2283 genitorum
703 2198 918 2271 nostrorum,
937 2205 1061 2256 versus
1073 2179 1228 2279 prefatos
1242 2180 1434 2281 Majorem,
1449 2181 1638 2272 Ballivum,
1651 2199 1688 2255 et

482 2282 798 2370 Communitatem,
815 2297 896 2355 ante
921 2281 1075 2356 eundem
1098 2281 1205 2372 diem,
1223 2283 1369 2372 ratione,
1388 2281 1535 2376 virtute,
1553 2283 1687 2382 vigore,

481 2411 544 2458 seu
578 2383 757 2457 occasione
791 2380 986 2471 fraccionis,
1023 2397 1186 2481 rupture,
1219 2399 1281 2456 aut
1308 2381 1510 2457 violacionis
1538 2383 1687 2484 alicujus

480 2500 709 2572 statutorum,
743 2499 900 2572 actuum,
935 2483 1216 2572 ordinacionum,
1254 2482 1512 2583 provisionum,
1546 2485 1688 2559 restric-

481 2587 636 2676 cionum,
654 2583 983 2682 proclamacionum,
998 2600 1033 2658 et
1050 2583 1334 2683 prohibicionum
1356 2584 1611 2682 predictorum,
1623 2611 1686 2660 seu

481 2711 606 2762 eorum
623 2683 783 2786 alicujus,
800 2683 989 2761 habuimus
1004 2711 1068 2759 seu
1085 2683 1213 2759 habere
1230 2685 1438 2784 poterimus,
1456 2703 1518 2760 aut
1535 2709 1611 2772 nos,
1629 2689 1686 2760 vel

482 2787 626 2862 heredes
644 2786 768 2876 nostri,
786 2811 908 2860 versus
923 2787 1067 2860 eosdem
1086 2785 1275 2958 Maiorem,
1303 2785 1491 2878 Ballivum,
1510 2786 1687 2861 Commu-

481 2889 627 2962 nitatem
653 2888 822 2962 habemus
848 2885 1034 2962 habuimus
1059 2912 1120 2960 seu
1171 2885 1271 2960 abere
1297 2887 1520 2986 potuerimus
1540 2913 1687 2988 quoque

482 2989 609 3064 modo:
638 2989 819 3064 Esscmm
835 2989 1083 3087 perdonamus,
1101 2987 1328 3078 remittimus,
1347 3005 1383 3062 et
1400 2988 1595 3064 relaxamus
1607 3014 1689 3088 pre—

480 3089 561 3164 fatis
579 3089 725 3191 Majori,
742 3089 890 3177 Ballivo,
917 3105 954 3162 et
982 3087 1240 3163 Communitati
1270 3113 1394 3162 ornnes
1411 3106 1446 3162 et
1463 3090 1687 3165 omnimodas

480 3192 648 3280 acciones,
664 3205 784 3279 sectas,
802 3191 974 3290 querelas,
996 3189 1248 3288 impeticiones,
1273 3206 1309 3262 et
1334 3189 1508 3264 demanda
1524 3217 1612 3290 quas
1630 3189 1686 3264 vel

480 3319 552 3392 que
563 3291 732 3365 habemus
744 3289 932 3365 habuimus
948 3315 1012 3364 seu
1030 3289 1157 3364 habere
1170 3289 1392 3389 potuerimus
1406 3317 1528 3366 versus
1541 3291 1685 3366 eosdem

481 3393 670 3493 Majorem,
706 3389 896 3479 Ballivum,
931 3407 967 3466 et
997 3391 1303 3465 Communitatem
1337 3417 1402 3490 pro
1428 3391 1604 3490 premissis
1628 3391 1687 3465 vel

479 3493 599 3592 aliquo
637 3491 890 3593 premissorum
932 3507 994 3566 aut
1035 3491 1171 3566 ratione
1216 3491 1273 3566 vel
1314 3491 1495 3567 occasione
1536 3493 1687 3590 premis-

478 3618 612 3683 sorum,
665 3594 722 3668 vel
774 3617 900 3666 eorum
952 3591 1112 3693 alicujus,
1165 3594 1202 3666 in
1254 3591 1322 3666 hiis
1375 3593 1502 3668 litteris
1556 3594 1686 3668 nostris

479 3692 681 3794 patentibus
733 3693 909 3767 contentis
960 3709 996 3767 et
1050 3693 1255 3792 specificatis
1313 3719 1428 3792 usque
1486 3695 1686 3793 predictum

479 3795 685 3868 vicesimum
721 3795 868 3868 tercium
904 3795 998 3868 diem
1025 3793 1183 3892 Aprilis:
1227 3794 1286 3867 Er
1323 3820 1514 3869 versurus
1546 3821 1610 3869 nos
1638 3797 1685 3870 de

479 3895 632 3970 uberiori
666 3895 782 3996 gracia
811 3911 929 3969 nostra
962 3912 998 3969 et
1032 3911 1152 3968 nostre
1185 3895 1280 3994 regie
1314 3897 1497 3993 potcstatis
1530 3897 1687 3997 plenitu-

478 3999 560 4072 dine
591 3995 759 4070 volumus
788 4011 824 4070 et
853 4021 1016 4095 expresse
1045 3995 1252 4070 mandamus
1281 3995 1380 4096 quod
1407 4021 1549 4096 presens
1566 4015 1686 4072 nostra

477 4098 684 4199 pardonatio
712 4097 787 4170 sive
816 4095 1003 4185 concessio,
1034 4113 1070 4170 et
1099 4121 1223 4170 omnes
1252 4113 1287 4170 et
1316 4097 1448 4198 singuli
1476 4099 1615 4173 articuli
1646 4101 1683 4172 in

477 4197 698 4298 presentibus
722 4197 879 4272 contenti
905 4213 941 4270 ct
966 4197 1163 4296 specificati,
1189 4213 1261 4272 tam
1292 4222 1368 4297 quo
1396 4200 1441 4274 ad
1470 4201 1683 4274 sentenciam

476 4319 511 4375 ct
537 4300 786 4387 intencionem,
815 4324 934 4400 ,quam
974 4299 1017 4372 ad
1056 4298 1172 4390 verbs,
1198 4298 1350 4400 benigne
1378 4299 1617 4375 favorabiliter
1647 4319 1684 4376 et
