3744 5296
1840 237 1843 394 i

988 662 1167 758 Johtnnes
1182 665 1228 741 de
1245 664 1458 752 Brokedale,
1476 666 1609 766 Major,
1838 515 1843 704 Ι

987 764 1165 858 Johannes
1182 763 1358 854 Hanfeld‚
1375 767 1542 856 Ballivus,

987 865 1165 959 Johnnnes
1182 867 1390 953 Drailonde,

987 966 1166 1061 Johannes
1183 967 1333 1056 GeddeS,

986 1068 1166 1162 Johtnnee
1184 1067 1367 1168 Hegham,

986 1168 1147 1241 Thomas
1164 1169 1390 1269 Goldsmyth,

986 1268 1183 1342 Nieholeus
1200 1270 1335 1369 Dayth,

985 1369 1164 1464 Johannes
1181 1370 1457 1444 Holmanstone.

440 460 486 558 6⁶
774 459 955 536 novun
981 461 1259 537 cHnanns

538 1019 594 1090 De
612 1015 840 1090 ffavereeham
903 1075 910 1089 .

985 1569 1181 1645 Nicholaus
1241 1571 1386 1658 Catour,
1442 1591 1640 1650 attornatus

1034 1673 1206 1768 Johannis
1233 1673 1366 1748 Parker
1399 1675 1551 1776 Majoris
1578 1703 1640 1774 per

1035 1775 1189 1847 litteram
1197 1800 1265 1874 que
1277 1790 1426 1848 testatur
1436 1776 1533 1876 quod
1545 1778 1640 1852 idem

533 1923 588 1994 De
604 1920 790 1996 ffordwico
899 1980 906 1994 .
1034 1874 1214 1969 J⁰h³¹¹¹¹e⁸
1240 1891 1292 1948 ⁶⁸²
1318 1899 1411 1975 ²8‘er
1440 1891 1475 1949 et
1506 1879 1637 1976 ”equid

1035 1975 1204 2064 laborare,

986 2074 1157 2149 Ricardus
1169 2077 1213 2150 de
1226 2075 1458 2165 Oxendmne,
1470 2076 1638 2168 Bellivus,

985 2174 1172 2250 Galfridus
1188 2177 1336 2267 Gerold,

984 2275 1164 2371 Johannes
1182 2277 1328 2350 Bakere.

507 2614 556 2688 Et
573 2615 657 2714 quia
674 2637 796 2688 omnes
811 2613 980 2714 Majores,
993 2613 1118 2688 Ballivi
1135 2629 1171 2686 et
1180 2614 1345 2702 Berones,
1357 2614 1487 2713 quibus
1497 2641 1638 2716 precep-

429 2733 510 2790 tum
527 2715 596 2789 fuit
613 2741 675 2814 per
687 2714 850 2790 mandata
862 2739 986 2791 eorum
1004 2713 1174 2788 Custodis
1187 2716 1307 2789 venire
1317 2712 1429 2788 facere
1446 2717 1503 2790 hic
1520 2741 1638 2791 coram

430 2814 1424 3018 {issieiuiiffiiiffissuiffiiiiidiitiiuixssissiiissi
1438 2816 1639 3018 {iiiii

428 3046 468 3092 ea
484 3044 556 3118 que
573 3019 680 3094 Curie
697 3017 743 3094 de
759 3018 940 3119 Shipweye
966 3017 1212 3117 pertinuerint,
1240 3019 1359 3092 venire
1385 3016 1545 3092 fecerunt
1571 3021 1637 3094 nisi

429 3122 464 3195 vi
483 3120 644 3194 homines
656 3119 863 3220 singillatim
879 3121 925 3193 de
942 3117 1101 3218 quolibet
1127 3135 1300 3216 portuum
1330 3119 1582 3218 predictorum,
1600 3137 1637 3196 et

427 3237 553 3322 portus
569 3220 613 3295 de
632 3221 709 3395 Rrya
726 3220 791 3294 nisi
818 3237 899 3310 tres,
916 3221 973 3293 alii
1000 3245 1084 3293 vero
1109 3219 1287 3293 dictorum
1304 3235 1478 3318 portuum
1503 3221 1635 3320 quibus

427 3342 634 3422 preceptum
667 3323 723 3396 uit
740 3322 860 3396 venire
878 3320 989 3394 facere
1006 3320 1063 3394 hic
1080 3320 1115 3394 vi
1134 3319 1265 3418 probos
1283 3335 1318 3395 et
1337 3320 1465 3420 legales
1476 3322 1637 3397 homines

429 3425 474 3497 de
491 3423 651 3524 quolibet
666 3441 837 3522 portuum
863 3445 1012 3495 suorum
1036 3421 1256 3520 singiliatim,
1277 3421 1396 3495 minus
1424 3421 1636 3497 sufficienter

428 3525 609 3598 retornire
626 3548 689 3597 nec
705 3539 823 3598 tantos
839 3522 970 3622 probos
987 3536 1023 3595 et
1032 3520 1159 3620 legales
1171 3521 1332 3596 homines
1345 3524 1464 3597 venire
1476 3521 1637 3599 fecerunt

429 3641 581 3725 quantos
598 3624 761 3698 mandatu
782 3647 845 3698 sua
860 3623 923 3696 eiis
939 3621 1022 3696 inde
1038 3620 1171 3698 directa
1187 3622 1385 3723 exigebant,
1403 3639 1443 3698 ut
1460 3641 1557 3722 patet
1574 3651 1636 3725 per

431 3743 574 3803 retorna
600 3749 663 3798 sue
688 3725 851 3824 superius
875 3737 1051 3813 annotata,
1080 3722 1194 3798 Portu
1227 3749 1313 3797 vero
1337 3725 1382 3799 de
1408 3724 1636 3800 ffaveresham

431 3829 520 3903 dum
530 3844 648 3900 tamen
659 3842 818 3924 excepto.
874 3825 929 3900 lta
938 3824 1037 3923 quod
1054 3822 1101 3897 ob
1114 3847 1251 3898 causam
1262 3824 1408 3899 minime
1418 3829 1637 3902 execucionis
1839 3871 1841 3954 p

731 3943 768 4000 et
793 3925 1035 3999 insufficientis
1059 3926 1191 3999 retorni
1225 3926 1473 4000 mandatorum
1500 3930 1635 4028 predic-

434 4027 680 4103 Misericordia.
732 4044 853 4101 torum
878 4025 1022 4128 negocia
1051 4025 1188 4099 domini
1216 4028 1319 4127 regis,
1345 4044 1380 4101 et
1408 4028 1474 4101 alia
1503 4031 1634 4104 dictam

732 4128 874 4203 Curiam
905 4127 1096 4230 tangentia,
1128 4124 1259 4201 infecta
1291 4143 1326 4201 et
1355 4129 1555 4228 inexpedita
1580 4157 1636 4204 re-

431 4247 585 4306 manent.
638 4228 725 4303 Ideo
736 4229 996 4304 consideratum
1006 4243 1060 4302 eet
1076 4228 1174 4328 quod
1185 4253 1308 4302 omnes
1319 4228 1489 4330 Majores,
1508 4231 1634 4305 Ballivi

429 4350 465 4410 et
489 4333 641 4405 Berones
659 4331 806 4431 predicti
825 4330 955 4434 quibus
981 4329 1188 4405 mandatum
1217 4347 1290 4404 erat
1318 4354 1384 4430 pro
1410 4331 1635 4409 insufficienti
