<?xml version="1.0" encoding="UTF-8"?>
<!DOCTYPE html PUBLIC "-//W3C//DTD XHTML 1.0 Transitional//EN"
    "http://www.w3.org/TR/xhtml1/DTD/xhtml1-transitional.dtd">
<html xmlns="http://www.w3.org/1999/xhtml" xml:lang="en" lang="en">
 <head>
  <title>
</title>
<meta http-equiv="Content-Type" content="text/html;charset=utf-8" />
  <meta name='ocr-system' content='tesseract 3.04.00' />
  <meta name='ocr-capabilities' content='ocr_page ocr_carea ocr_par ocr_line ocrx_word'/>
</head>
<body>
  <div class='ocr_page' id='page_1' title='image "./doverchartersan00statgoog_0249.png"; bbox 0 0 3748 5266; ppageno 0'>
   <div class='ocr_carea' id='block_1_1' title="bbox 444 459 1293 536">
    <p class='ocr_par' dir='ltr' id='par_1_1' title="bbox 444 459 1293 536">
     <span class='ocr_line' id='line_1_1' title="bbox 444 459 1293 536; baseline 0 -2"><span class='ocrx_word' id='word_1_1' title='bbox 444 465 515 536; x_wconf 86' lang='lat'>208</span> <span class='ocrx_word' id='word_1_2' title='bbox 806 461 987 534; x_wconf 91' lang='lat' dir='ltr'>DOVER</span> <span class='ocrx_word' id='word_1_3' title='bbox 1014 459 1293 536; x_wconf 88' lang='lat' dir='ltr'>CHARTERS</span> 
     </span>
    </p>
   </div>
   <div class='ocr_carea' id='block_1_2' title="bbox 440 659 1656 2492">
    <p class='ocr_par' dir='ltr' id='par_1_2' title="bbox 440 659 1656 1972">
     <span class='ocr_line' id='line_1_2' title="bbox 440 659 1653 756; baseline -0.002 -23"><span class='ocrx_word' id='word_1_4' title='bbox 440 659 610 756; x_wconf 75' lang='lat' dir='ltr'>predictis</span> <span class='ocrx_word' id='word_1_5' title='bbox 626 676 709 734; x_wconf 91' lang='lat' dir='ltr'>octo</span> <span class='ocrx_word' id='word_1_6' title='bbox 734 661 821 733; x_wconf 89' lang='lat' dir='ltr'>acris</span> <span class='ocrx_word' id='word_1_7' title='bbox 839 674 931 733; x_wconf 88' lang='lat' dir='ltr'>terre</span> <span class='ocrx_word' id='word_1_8' title='bbox 948 675 984 732; x_wconf 88' lang='lat' dir='ltr'>et</span> <span class='ocrx_word' id='word_1_9' title='bbox 1001 659 1115 732; x_wconf 91' lang='lat' dir='ltr'>tribus</span> <span class='ocrx_word' id='word_1_10' title='bbox 1141 660 1239 734; x_wconf 84' lang='lat' dir='ltr'>r&#39;odis</span> <span class='ocrx_word' id='word_1_11' title='bbox 1256 677 1347 733; x_wconf 88' lang='lat' dir='ltr'>terre</span> <span class='ocrx_word' id='word_1_12' title='bbox 1390 685 1472 732; x_wconf 88' lang='lat' dir='ltr'>uam</span> <span class='ocrx_word' id='word_1_13' title='bbox 1498 659 1534 731; x_wconf 92' lang='lat' dir='ltr'>in</span> <span class='ocrx_word' id='word_1_14' title='bbox 1552 659 1653 733; x_wconf 91' lang='lat' dir='ltr'>terris</span> 
     </span>
     <span class='ocr_line' id='line_1_3' title="bbox 440 686 1654 862; baseline 0 -30"><span class='ocrx_word' id='word_1_15' title='bbox 440 775 476 832; x_wconf 92' lang='lat' dir='ltr'>et</span> <span class='ocrx_word' id='word_1_16' title='bbox 503 761 714 835; x_wconf 82' lang='lat' dir='ltr'>tenementis</span> <span class='ocrx_word' id='word_1_17' title='bbox 739 761 825 834; x_wconf 91' lang='lat' dir='ltr'>dicti</span> <span class='ocrx_word' id='word_1_18' title='bbox 860 761 1031 854; x_wconf 86' lang='lat' dir='ltr'>Johannis</span> <span class='ocrx_word' id='word_1_19' title='bbox 1059 761 1280 860; x_wconf 85' lang='lat' dir='ltr'>distringere,</span> <span class='ocrx_word' id='word_1_20' title='bbox 1311 778 1347 834; x_wconf 89' lang='lat' dir='ltr'>et</span> <span class='ocrx_word' id='word_1_21' title='bbox 1365 686 1654 862; x_wconf 63' lang='lat' dir='ltr'>ldistriJcciones</span> 
     </span>
     <span class='ocr_line' id='line_1_4' title="bbox 440 860 1653 978; baseline 0 -45"><span class='ocrx_word' id='word_1_22' title='bbox 440 860 522 963; x_wconf 88' lang='lat' dir='ltr'>[sic]</span> <span class='ocrx_word' id='word_1_23' title='bbox 550 878 667 960; x_wconf 78' lang='lat' dir='ltr'>captas</span> <span class='ocrx_word' id='word_1_24' title='bbox 695 860 883 978; x_wconf 81' lang='lat' dir='ltr'>[abducere</span> <span class='ocrx_word' id='word_1_25' title='bbox 912 876 1090 960; x_wconf 89' lang='lat' dir='ltr'>asportare</span> <span class='ocrx_word' id='word_1_26' title='bbox 1117 879 1152 934; x_wconf 91' lang='lat' dir='ltr'>et</span> <span class='ocrx_word' id='word_1_27' title='bbox 1186 861 1338 935; x_wconf 89' lang='lat' dir='ltr'>retinere</span> <span class='ocrx_word' id='word_1_28' title='bbox 1372 860 1575 976; x_wconf 81' lang='lat' dir='ltr'>quousque]</span> <span class='ocrx_word' id='word_1_29' title='bbox 1608 862 1653 935; x_wconf 93' lang='lat' dir='ltr'>de</span> 
     </span>
     <span class='ocr_line' id='line_1_5' title="bbox 441 962 1653 1064; baseline -0.003 -27"><span class='ocrx_word' id='word_1_30' title='bbox 441 962 608 1037; x_wconf 90' lang='lat' dir='ltr'>omnibus</span> <span class='ocrx_word' id='word_1_31' title='bbox 641 963 825 1064; x_wconf 78' lang='lat' dir='ltr'>arreragiis</span> <span class='ocrx_word' id='word_1_32' title='bbox 868 962 963 1036; x_wconf 90' lang='lat' dir='ltr'>dicte</span> <span class='ocrx_word' id='word_1_33' title='bbox 1005 962 1105 1035; x_wconf 83' lang='lat' dir='ltr'>firme</span> <span class='ocrx_word' id='word_1_34' title='bbox 1148 962 1252 1036; x_wconf 92' lang='lat' dir='ltr'>simul</span> <span class='ocrx_word' id='word_1_35' title='bbox 1296 987 1378 1035; x_wconf 92' lang='lat' dir='ltr'>cum</span> <span class='ocrx_word' id='word_1_36' title='bbox 1412 962 1576 1061; x_wconf 81' lang='lat' dir='ltr'>dampnis</span> <span class='ocrx_word' id='word_1_37' title='bbox 1618 978 1653 1034; x_wconf 89' lang='lat' dir='ltr'>et</span> 
     </span>
     <span class='ocr_line' id='line_1_6' title="bbox 440 1062 1653 1164; baseline -0.002 -27"><span class='ocrx_word' id='word_1_38' title='bbox 440 1063 599 1162; x_wconf 81' lang='lat' dir='ltr'>expensis</span> <span class='ocrx_word' id='word_1_39' title='bbox 641 1089 743 1138; x_wconf 87' lang='lat' dir='ltr'>causa</span> <span class='ocrx_word' id='word_1_40' title='bbox 784 1063 889 1164; x_wconf 91' lang='lat' dir='ltr'>hujus</span> <span class='ocrx_word' id='word_1_41' title='bbox 930 1063 1147 1137; x_wconf 88' lang='lat' dir='ltr'>detencionis</span> <span class='ocrx_word' id='word_1_42' title='bbox 1189 1063 1318 1137; x_wconf 88' lang='lat' dir='ltr'>habitis</span> <span class='ocrx_word' id='word_1_43' title='bbox 1359 1064 1512 1162; x_wconf 80' lang='lat' dir='ltr'>plenarie</span> <span class='ocrx_word' id='word_1_44' title='bbox 1546 1062 1653 1137; x_wconf 87' lang='lat' dir='ltr'>fuerit</span> 
     </span>
     <span class='ocr_line' id='line_1_7' title="bbox 440 1163 1655 1267; baseline 0 -29"><span class='ocrx_word' id='word_1_45' title='bbox 440 1164 682 1240; x_wconf 85' lang='lat' dir='ltr'>satisfactum:</span> <span class='ocrx_word' id='word_1_46' title='bbox 703 1165 754 1267; x_wconf 90' lang='lat' dir='ltr'>[et</span> <span class='ocrx_word' id='word_1_47' title='bbox 772 1163 939 1266; x_wconf 87' lang='lat' dir='ltr'>predicti]</span> <span class='ocrx_word' id='word_1_48' title='bbox 950 1165 1115 1265; x_wconf 88' lang='lat' dir='ltr'>magister</span> <span class='ocrx_word' id='word_1_49' title='bbox 1132 1180 1168 1238; x_wconf 93' lang='lat' dir='ltr'>et</span> <span class='ocrx_word' id='word_1_50' title='bbox 1185 1163 1379 1239; x_wconf 84' lang='lat' dir='ltr'>confratres</span> <span class='ocrx_word' id='word_1_51' title='bbox 1390 1181 1426 1238; x_wconf 89' lang='lat' dir='ltr'>et</span> <span class='ocrx_word' id='word_1_52' title='bbox 1443 1189 1655 1238; x_wconf 82' lang='lat' dir='ltr'>successores</span> 
     </span>
     <span class='ocr_line' id='line_1_8' title="bbox 441 1264 1654 1365; baseline 0 -27"><span class='ocrx_word' id='word_1_53' title='bbox 441 1291 494 1340; x_wconf 85' lang='lat' dir='ltr'>sur</span> <span class='ocrx_word' id='word_1_54' title='bbox 484 1265 691 1365; x_wconf 86' lang='lat' dir='ltr'>predictas</span> <span class='ocrx_word' id='word_1_55' title='bbox 716 1283 799 1340; x_wconf 91' lang='lat' dir='ltr'>octo</span> <span class='ocrx_word' id='word_1_56' title='bbox 819 1291 914 1340; x_wconf 87' lang='lat' dir='ltr'>acras</span> <span class='ocrx_word' id='word_1_57' title='bbox 933 1283 969 1339; x_wconf 89' lang='lat' dir='ltr'>et</span> <span class='ocrx_word' id='word_1_58' title='bbox 989 1281 1061 1338; x_wconf 88' lang='lat' dir='ltr'>tres</span> <span class='ocrx_word' id='word_1_59' title='bbox 1084 1266 1188 1339; x_wconf 87' lang='lat' dir='ltr'>rodas</span> <span class='ocrx_word' id='word_1_60' title='bbox 1214 1282 1306 1340; x_wconf 88' lang='lat' dir='ltr'>terre</span> <span class='ocrx_word' id='word_1_61' title='bbox 1326 1291 1408 1339; x_wconf 90' lang='lat' dir='ltr'>cum</span> <span class='ocrx_word' id='word_1_62' title='bbox 1429 1264 1654 1364; x_wconf 87' lang='lat' dir='ltr'>pertinenciis</span> 
     </span>
     <span class='ocr_line' id='line_1_9' title="bbox 440 1364 1656 1466; baseline 0 -26"><span class='ocrx_word' id='word_1_63' title='bbox 440 1367 513 1443; x_wconf 90' lang='lat' dir='ltr'>suis</span> <span class='ocrx_word' id='word_1_64' title='bbox 542 1368 701 1466; x_wconf 88' lang='lat' dir='ltr'>predicto</span> <span class='ocrx_word' id='word_1_65' title='bbox 725 1365 953 1464; x_wconf 88' lang='lat' dir='ltr'>Johanni,1n</span> <span class='ocrx_word' id='word_1_66' title='bbox 979 1364 1096 1440; x_wconf 87' lang='lat' dir='ltr'>forma</span> <span class='ocrx_word' id='word_1_67' title='bbox 1121 1367 1323 1466; x_wconf 88' lang='lat' dir='ltr'>prescripta,</span> <span class='ocrx_word' id='word_1_68' title='bbox 1349 1367 1656 1444; x_wconf 87' lang='lat' dir='ltr'>warantizabimus</span> 
     </span>
     <span class='ocr_line' id='line_1_10' title="bbox 459 1467 1656 1584; baseline -0.001 -43"><span class='ocrx_word' id='word_1_69' title='bbox 459 1485 581 1542; x_wconf 88' lang='lat' dir='ltr'>contra</span> <span class='ocrx_word' id='word_1_70' title='bbox 635 1495 757 1544; x_wconf 87' lang='lat' dir='ltr'>omnes</span> <span class='ocrx_word' id='word_1_71' title='bbox 809 1485 933 1568; x_wconf 87' lang='lat' dir='ltr'>gentes</span> <span class='ocrx_word' id='word_1_72' title='bbox 969 1467 1290 1584; x_wconf 33' lang='lat' dir='ltr'>&#39;imperpetuum]:</span> <span class='ocrx_word' id='word_1_73' title='bbox 1343 1485 1379 1541; x_wconf 88' lang='lat' dir='ltr'>et</span> <span class='ocrx_word' id='word_1_74' title='bbox 1433 1468 1656 1568; x_wconf 86' lang='lat' dir='ltr'>supradictus</span> 
     </span>
     <span class='ocr_line' id='line_1_11' title="bbox 466 1568 1653 1669; baseline -0.001 -26"><span class='ocrx_word' id='word_1_75' title='bbox 466 1570 621 1644; x_wconf 91' lang='lat' dir='ltr'>ohannes</span> <span class='ocrx_word' id='word_1_76' title='bbox 645 1570 841 1644; x_wconf 89' lang='lat' dir='ltr'>heredes</span> <span class='ocrx_word' id='word_1_77' title='bbox 815 1595 890 1643; x_wconf 79' lang='lat' dir='ltr'>sive</span> <span class='ocrx_word' id='word_1_78' title='bbox 915 1568 1079 1669; x_wconf 87' lang='lat' dir='ltr'>assignati</span> <span class='ocrx_word' id='word_1_79' title='bbox 1098 1569 1151 1642; x_wconf 90' lang='lat' dir='ltr'>sui</span> <span class='ocrx_word' id='word_1_80' title='bbox 1177 1569 1289 1642; x_wconf 87' lang='lat' dir='ltr'>dictas</span> <span class='ocrx_word' id='word_1_81' title='bbox 1312 1585 1394 1643; x_wconf 92' lang='lat' dir='ltr'>octo</span> <span class='ocrx_word' id='word_1_82' title='bbox 1411 1595 1504 1642; x_wconf 90' lang='lat' dir='ltr'>acras</span> <span class='ocrx_word' id='word_1_83' title='bbox 1529 1585 1565 1643; x_wconf 94' lang='lat' dir='ltr'>et</span> <span class='ocrx_word' id='word_1_84' title='bbox 1582 1586 1653 1643; x_wconf 88' lang='lat' dir='ltr'>tres</span> 
     </span>
     <span class='ocr_line' id='line_1_12' title="bbox 441 1669 1654 1785; baseline -0.002 -40"><span class='ocrx_word' id='word_1_85' title='bbox 441 1671 545 1745; x_wconf 86' lang='lat' dir='ltr'>rodas</span> <span class='ocrx_word' id='word_1_86' title='bbox 570 1686 660 1745; x_wconf 90' lang='lat' dir='ltr'>terre</span> <span class='ocrx_word' id='word_1_87' title='bbox 686 1686 766 1770; x_wconf 87' lang='lat' dir='ltr'>post</span> <span class='ocrx_word' id='word_1_88' title='bbox 784 1669 936 1770; x_wconf 91' lang='lat' dir='ltr'>[dictum</span> <span class='ocrx_word' id='word_1_89' title='bbox 962 1669 1172 1785; x_wconf 85' lang='lat' dir='ltr'>terminum]</span> <span class='ocrx_word' id='word_1_90' title='bbox 1189 1669 1342 1768; x_wconf 88' lang='lat' dir='ltr'>plenarie</span> <span class='ocrx_word' id='word_1_91' title='bbox 1362 1695 1501 1743; x_wconf 90' lang='lat' dir='ltr'>sursum</span> <span class='ocrx_word' id='word_1_92' title='bbox 1527 1671 1654 1745; x_wconf 90' lang='lat' dir='ltr'>libera·</span> 
     </span>
     <span class='ocr_line' id='line_1_13' title="bbox 442 1771 1652 1876; baseline 0.002 -32"><span class='ocrx_word' id='word_1_93' title='bbox 442 1771 566 1846; x_wconf 91' lang='lat' dir='ltr'>bunt</span> <span class='ocrx_word' id='word_1_94' title='bbox 558 1798 595 1845; x_wconf 83' lang='lat' dir='ltr'>in</span> <span class='ocrx_word' id='word_1_95' title='bbox 622 1789 695 1846; x_wconf 86' lang='lat' dir='ltr'>tarn</span> <span class='ocrx_word' id='word_1_96' title='bbox 724 1771 819 1845; x_wconf 91' lang='lat' dir='ltr'>bono</span> <span class='ocrx_word' id='word_1_97' title='bbox 843 1787 937 1846; x_wconf 85' lang='lat' dir='ltr'>statu</span> <span class='ocrx_word' id='word_1_98' title='bbox 966 1786 1058 1844; x_wconf 80' lang='lat' dir='ltr'>sicut</span> <span class='ocrx_word' id='word_1_99' title='bbox 1083 1797 1103 1844; x_wconf 96' lang='lat' dir='ltr'>a</span> <span class='ocrx_word' id='word_1_100' title='bbox 1127 1771 1231 1846; x_wconf 79' lang='lat' dir='ltr'>dictis</span> <span class='ocrx_word' id='word_1_101' title='bbox 1256 1771 1425 1872; x_wconf 87' lang='lat' dir='ltr'>magistro</span> <span class='ocrx_word' id='word_1_102' title='bbox 1454 1788 1491 1845; x_wconf 90' lang='lat' dir='ltr'>et</span> <span class='ocrx_word' id='word_1_103' title='bbox 1516 1771 1652 1876; x_wconf 90' lang='lat' dir='ltr'>confra-</span> 
     </span>
     <span class='ocr_line' id='line_1_14' title="bbox 441 1873 1036 1972; baseline -0.003 -26"><span class='ocrx_word' id='word_1_104' title='bbox 441 1873 580 1947; x_wconf 87' lang='lat' dir='ltr'>tribus</span> <span class='ocrx_word' id='word_1_105' title='bbox 572 1899 608 1946; x_wconf 90' lang='lat' dir='ltr'>m</span> <span class='ocrx_word' id='word_1_106' title='bbox 626 1873 800 1972; x_wconf 87' lang='lat' dir='ltr'>principio</span> <span class='ocrx_word' id='word_1_107' title='bbox 818 1888 1036 1970; x_wconf 87' lang='lat' dir='ltr'>receperunt.</span> 
     </span>
    </p>

    <p class='ocr_par' dir='ltr' id='par_1_3' title="bbox 441 1972 1654 2273">
     <span class='ocr_line' id='line_1_15' title="bbox 516 1972 1635 2089; baseline 0.001 -42"><span class='ocrx_word' id='word_1_108' title='bbox 516 1975 559 2047; x_wconf 93' lang='lat' dir='ltr'>ln</span> <span class='ocrx_word' id='word_1_109' title='bbox 573 1973 672 2089; x_wconf 86' lang='lat' dir='ltr'>cujus</span> <span class='ocrx_word' id='word_1_110' title='bbox 688 1973 738 2047; x_wconf 89' lang='lat' dir='ltr'>rei</span> <span class='ocrx_word' id='word_1_111' title='bbox 753 1973 996 2047; x_wconf 85' lang='lat' dir='ltr'>testimonium</span> <span class='ocrx_word' id='word_1_112' title='bbox 1008 1990 1160 2072; x_wconf 79' lang='lat' dir='ltr'>presenti</span> <span class='ocrx_word' id='word_1_113' title='bbox 1150 1972 1635 2074; x_wconf 83' lang='lat' dir='ltr'>indenturetam[s1grllum</span> 
     </span>
     <span class='ocr_line' id='line_1_16' title="bbox 441 1973 1654 2178; baseline 0.002 -30"><span class='ocrx_word' id='word_1_114' title='bbox 441 2100 630 2149; x_wconf 89' lang='lat' dir='ltr'>commune</span> <span class='ocrx_word' id='word_1_115' title='bbox 653 2073 811 2174; x_wconf 89' lang='lat' dir='ltr'>ipsorum</span> <span class='ocrx_word' id='word_1_116' title='bbox 837 2075 995 2174; x_wconf 86' lang='lat' dir='ltr'>magistri</span> <span class='ocrx_word' id='word_1_117' title='bbox 1021 2089 1058 2148; x_wconf 90' lang='lat' dir='ltr'>et</span> <span class='ocrx_word' id='word_1_118' title='bbox 1083 2071 1303 2148; x_wconf 90' lang='lat' dir='ltr'>confratrum</span> <span class='ocrx_word' id='word_1_119' title='bbox 1329 2071 1454 2176; x_wconf 83' lang='lat' dir='ltr'>[quam</span> <span class='ocrx_word' id='word_1_120' title='bbox 1480 1973 1654 2178; x_wconf 81' lang='lat' dir='ltr'>sigilluml</span> 
     </span>
     <span class='ocr_line' id='line_1_17' title="bbox 442 2174 1209 2273; baseline -0.003 -23"><span class='ocrx_word' id='word_1_121' title='bbox 442 2177 527 2250; x_wconf 92' lang='lat' dir='ltr'>dicti</span> <span class='ocrx_word' id='word_1_122' title='bbox 545 2175 717 2270; x_wconf 87' lang='lat' dir='ltr'>Johannis</span> <span class='ocrx_word' id='word_1_123' title='bbox 733 2174 931 2249; x_wconf 84' lang='lat' dir='ltr'>alternatim</span> <span class='ocrx_word' id='word_1_124' title='bbox 948 2190 1031 2248; x_wconf 92' lang='lat' dir='ltr'>sunt</span> <span class='ocrx_word' id='word_1_125' title='bbox 1048 2200 1209 2273; x_wconf 90' lang='lat' dir='ltr'>appensa.</span> 
     </span>
    </p>

    <p class='ocr_par' dir='ltr' id='par_1_4' title="bbox 441 2275 1654 2478">
     <span class='ocr_line' id='line_1_18' title="bbox 517 2275 1654 2352; baseline 0 -2"><span class='ocrx_word' id='word_1_126' title='bbox 517 2276 652 2350; x_wconf 88' lang='lat' dir='ltr'>Data</span> <span class='ocrx_word' id='word_1_127' title='bbox 643 2301 681 2348; x_wconf 84' lang='lat' dir='ltr'>in</span> <span class='ocrx_word' id='word_1_128' title='bbox 706 2277 816 2350; x_wconf 93' lang='lat' dir='ltr'>domo</span> <span class='ocrx_word' id='word_1_129' title='bbox 845 2275 901 2352; x_wconf 90' lang='lat' dir='ltr'>dei</span> <span class='ocrx_word' id='word_1_130' title='bbox 928 2275 1129 2349; x_wconf 89' lang='lat' dir='ltr'>Dovorre</span> <span class='ocrx_word' id='word_1_131' title='bbox 1120 2303 1157 2348; x_wconf 83' lang='lat' dir='ltr'>in</span> <span class='ocrx_word' id='word_1_132' title='bbox 1188 2275 1294 2350; x_wconf 84' lang='lat' dir='ltr'>Festo</span> <span class='ocrx_word' id='word_1_133' title='bbox 1323 2276 1439 2350; x_wconf 87' lang='lat' dir='ltr'>Sancti</span> <span class='ocrx_word' id='word_1_134' title='bbox 1469 2277 1654 2350; x_wconf 89' lang='lat' dir='ltr'>Michaelis</span> 
     </span>
     <span class='ocr_line' id='line_1_19' title="bbox 441 2375 1652 2492; baseline -0.002 -38"><span class='ocrx_word' id='word_1_135' title='bbox 441 2376 656 2478; x_wconf 83' lang='lat' dir='ltr'>Archangeli</span> <span class='ocrx_word' id='word_1_136' title='bbox 707 2375 832 2478; x_wconf 86' lang='lat' dir='ltr'>[anno]</span> <span class='ocrx_word' id='word_1_137' title='bbox 874 2376 973 2476; x_wconf 88' lang='lat' dir='ltr'>regni</span> <span class='ocrx_word' id='word_1_138' title='bbox 1026 2377 1134 2492; x_wconf 82' lang='lat' dir='ltr'>Regis</span> <span class='ocrx_word' id='word_1_139' title='bbox 1185 2376 1365 2477; x_wconf 87' lang='lat' dir='ltr'>Henric[i,</span> <span class='ocrx_word' id='word_1_140' title='bbox 1408 2377 1520 2451; x_wconf 78' lang='lat' dir='ltr'>*sexti</span> <span class='ocrx_word' id='word_1_141' title='bbox 1572 2395 1652 2476; x_wconf 90' lang='lat' dir='ltr'>post</span> 
     </span>
    </p>
   </div>
   <div class='ocr_carea' id='block_1_3' title="bbox 442 2477 1550 2686">
    <p class='ocr_par' dir='ltr' id='par_1_5' title="bbox 442 2477 1550 2686">
     <span class='ocr_line' id='line_1_20' title="bbox 442 2477 1182 2579; baseline 0 -29"><span class='ocrx_word' id='word_1_142' title='bbox 442 2477 692 2579; x_wconf 85' lang='lat' dir='ltr'>conquestum]</span> <span class='ocrx_word' id='word_1_143' title='bbox 710 2479 853 2578; x_wconf 87' lang='lat' dir='ltr'>Anglie‚</span> <span class='ocrx_word' id='word_1_144' title='bbox 871 2478 1040 2552; x_wconf 85' lang='lat' dir='ltr'>vicesimo</span> <span class='ocrx_word' id='word_1_145' title='bbox 1056 2477 1182 2575; x_wconf 91' lang='lat' dir='ltr'>primo.</span> 
     </span>
     <span class='ocr_line' id='line_1_21' title="bbox 520 2591 1550 2686; baseline -0.002 -22"><span class='ocrx_word' id='word_1_146' title='bbox 520 2591 591 2664; x_wconf 69' lang='lat' dir='ltr'>The</span> <span class='ocrx_word' id='word_1_147' title='bbox 607 2591 716 2664; x_wconf 82' lang='lat' dir='ltr'>daed</span> <span class='ocrx_word' id='word_1_148' title='bbox 702 2617 729 2664; x_wconf 84' lang='lat' dir='ltr'>ts</span> <span class='ocrx_word' id='word_1_149' title='bbox 746 2592 845 2666; x_wconf 80' lang='lat' dir='ltr'>much</span> <span class='ocrx_word' id='word_1_150' title='bbox 863 2591 1055 2664; x_wconf 80' lang='lat' dir='ltr'>obliterated</span> <span class='ocrx_word' id='word_1_151' title='bbox 1068 2591 1140 2664; x_wconf 85' lang='lat' dir='ltr'>and</span> <span class='ocrx_word' id='word_1_152' title='bbox 1153 2609 1223 2664; x_wconf 84' lang='lat' dir='ltr'>torn</span> <span class='ocrx_word' id='word_1_153' title='bbox 1243 2593 1276 2663; x_wconf 86' lang='lat' dir='ltr'>in</span> <span class='ocrx_word' id='word_1_154' title='bbox 1293 2591 1422 2664; x_wconf 81' lang='lat' dir='ltr'>several</span> <span class='ocrx_word' id='word_1_155' title='bbox 1427 2591 1550 2686; x_wconf 82' lang='lat' dir='ltr'>places.</span> 
     </span>
    </p>
   </div>
   <div class='ocr_carea' id='block_1_4' title="bbox 442 2791 1652 3056">
    <p class='ocr_par' dir='ltr' id='par_1_6' title="bbox 442 2791 1652 3056">
     <span class='ocr_line' id='line_1_22' title="bbox 504 2791 1651 2893; baseline 0.003 -19"><span class='ocrx_word' id='word_1_156' title='bbox 504 2814 523 2851; x_wconf 70' lang='lat'><strong>⁴</strong></span> <span class='ocrx_word' id='word_1_157' title='bbox 535 2815 604 2874; x_wconf 91' lang='lat' dir='ltr'>The</span> <span class='ocrx_word' id='word_1_158' title='bbox 619 2814 684 2874; x_wconf 80' lang='lat' dir='ltr'>date</span> <span class='ocrx_word' id='word_1_159' title='bbox 706 2814 741 2874; x_wconf 83' lang='lat' dir='ltr'>of</span> <span class='ocrx_word' id='word_1_160' title='bbox 752 2814 808 2873; x_wconf 84' lang='lat' dir='ltr'>this</span> <span class='ocrx_word' id='word_1_161' title='bbox 822 2815 935 2874; x_wconf 73' lang='lat' dir='ltr'>chartei</span> <span class='ocrx_word' id='word_1_162' title='bbox 949 2815 971 2874; x_wconf 89' lang='lat' dir='ltr'>is</span> <span class='ocrx_word' id='word_1_163' title='bbox 987 2791 1062 2874; x_wconf 81' lang='lat' dir='ltr'>hired</span> <span class='ocrx_word' id='word_1_164' title='bbox 1083 2814 1113 2873; x_wconf 94' lang='lat' dir='ltr'>in</span> <span class='ocrx_word' id='word_1_165' title='bbox 1130 2814 1234 2893; x_wconf 87' lang='lat' dir='ltr'>Henry</span> <span class='ocrx_word' id='word_1_166' title='bbox 1249 2812 1331 2874; x_wconf 78' lang='lat' dir='ltr'>Vl-&#39;s</span> <span class='ocrx_word' id='word_1_167' title='bbox 1346 2815 1426 2892; x_wconf 77' lang='lat' dir='ltr'>reign</span> <span class='ocrx_word' id='word_1_168' title='bbox 1442 2815 1480 2893; x_wconf 84' lang='lat' dir='ltr'>by</span> <span class='ocrx_word' id='word_1_169' title='bbox 1502 2817 1552 2874; x_wconf 90' lang='lat' dir='ltr'>the</span> <span class='ocrx_word' id='word_1_170' title='bbox 1567 2837 1651 2878; x_wconf 84' lang='lat' dir='ltr'>name</span> 
     </span>
     <span class='ocr_line' id='line_1_23' title="bbox 442 2893 1652 2973; baseline 0 -16"><span class='ocrx_word' id='word_1_171' title='bbox 442 2899 477 2957; x_wconf 83' lang='lat' dir='ltr'>of</span> <span class='ocrx_word' id='word_1_172' title='bbox 494 2899 544 2956; x_wconf 87' lang='lat' dir='ltr'>the</span> <span class='ocrx_word' id='word_1_173' title='bbox 559 2897 671 2956; x_wconf 84' lang='lat' dir='ltr'>Master</span> <span class='ocrx_word' id='word_1_174' title='bbox 691 2897 768 2973; x_wconf 78' lang='lat' dir='ltr'>john</span> <span class='ocrx_word' id='word_1_175' title='bbox 791 2893 904 2968; x_wconf 82' lang='lat' dir='ltr'>Wellia,</span> <span class='ocrx_word' id='word_1_176' title='bbox 919 2897 995 2968; x_wconf 85' lang='lat' dir='ltr'>who,</span> <span class='ocrx_word' id='word_1_177' title='bbox 1018 2896 1089 2956; x_wconf 86' lang='lat' dir='ltr'>from</span> <span class='ocrx_word' id='word_1_178' title='bbox 1112 2897 1196 2956; x_wconf 89' lang='lat' dir='ltr'>other</span> <span class='ocrx_word' id='word_1_179' title='bbox 1215 2917 1338 2969; x_wconf 87' lang='lat' dir='ltr'>sources,</span> <span class='ocrx_word' id='word_1_180' title='bbox 1359 2897 1382 2956; x_wconf 91' lang='lat' dir='ltr'>is</span> <span class='ocrx_word' id='word_1_181' title='bbox 1400 2897 1507 2956; x_wconf 83' lang='lat' dir='ltr'>known</span> <span class='ocrx_word' id='word_1_182' title='bbox 1529 2913 1560 2957; x_wconf 91' lang='lat' dir='ltr'>to</span> <span class='ocrx_word' id='word_1_183' title='bbox 1580 2900 1652 2958; x_wconf 85' lang='lat' dir='ltr'>have</span> 
     </span>
     <span class='ocr_line' id='line_1_24' title="bbox 443 2977 1168 3056; baseline -0.003 -18"><span class='ocrx_word' id='word_1_184' title='bbox 443 2980 518 3039; x_wconf 90' lang='lat' dir='ltr'>been</span> <span class='ocrx_word' id='word_1_185' title='bbox 533 2979 583 3038; x_wconf 87' lang='lat' dir='ltr'>the</span> <span class='ocrx_word' id='word_1_186' title='bbox 598 2992 743 3056; x_wconf 87' lang='lat' dir='ltr'>occupant</span> <span class='ocrx_word' id='word_1_187' title='bbox 756 2977 792 3037; x_wconf 89' lang='lat' dir='ltr'>of</span> <span class='ocrx_word' id='word_1_188' title='bbox 802 2979 865 3037; x_wconf 79' lang='lat' dir='ltr'>that</span> <span class='ocrx_word' id='word_1_189' title='bbox 878 2978 960 3038; x_wconf 86' lang='lat' dir='ltr'>office</span> <span class='ocrx_word' id='word_1_190' title='bbox 974 2977 1063 3038; x_wconf 80' lang='lat' dir='ltr'>about</span> <span class='ocrx_word' id='word_1_191' title='bbox 1081 2995 1168 3054; x_wconf 86' lang='lat'><em>1442.</em></span> 
     </span>
    </p>
   </div>
   <div class='ocr_carea' id='block_1_5' title="bbox 0 0 1882 5266">
    <p class='ocr_par' dir='ltr' id='par_1_7' title="bbox 0 0 1882 5266">
     <span class='ocr_line' id='line_1_25' title="bbox 0 0 1882 5266; baseline 0 0"><span class='ocrx_word' id='word_1_192' title='bbox 0 0 1882 5266; x_wconf 95' lang='lat' dir='ltr'> </span> 
     </span>
    </p>
   </div>
  </div>
 </body>
</html>
