3748 5266
450 441 523 516 260
809 441 990 518 DOVER
1016 441 1296 518 CHARTERS

851 627 852 632 ¹
913 639 1150 720 LXXXI
1165 640 1196 719 1.

784 809 796 872 i
817 807 1047 890 Septembris,
1070 821 1111 890 13
1131 808 1229 876 Edw.
1255 808 1313 875 lv.

453 955 543 1028 Hac
571 955 760 1029 indentura
776 971 925 1031 testatur
948 957 1047 1072 quod
1063 955 1223 1030 Thomas
1246 958 1365 1045 Toke,
1384 957 1506 1057 Major
1523 955 1606 1028 ville
1622 978 1662 1028 ac

452 1057 584 1130 Portus
626 1057 804 1146 Dovorre,
855 1057 1037 1131 Henncus
1087 1057 1246 1157 Elphyn,
1288 1055 1447 1131 Thomas
1498 1059 1662 1154 Martyn,

454 1155 657 1230 Willelmus
672 1157 793 1252 Jacob,
811 1172 846 1231 et
868 1157 1070 1232 Willelmus
1090 1160 1212 1256 Dyerc
1223 1159 1358 1260 junior,
1376 1159 1551 1232 Custodes
1568 1157 1662 1233 dicte

453 1257 548 1346 ville,
583 1259 739 1332 unanimi
781 1283 922 1333 assensu
956 1277 992 1334 et
1033 1285 1205 1334 consensu
1238 1261 1352 1333 tocius
1385 1259 1666 1334 Communitatis

453 1359 612 1434 e'usdem
641 1358 724 1433 ville
750 1361 973 1435 tradiderunt
998 1376 1242 1436 concesserunt
1267 1377 1303 1434 et
1331 1361 1376 1434 ad
1402 1359 1498 1434 feodi
1523 1362 1662 1434 firmam

455 1385 667 1535 dimiserunt
683 1462 837 1556 Johanni
864 1461 1001 1535 ffullare
1018 1487 1124 1536 unam
1150 1487 1296 1536 vacuam
1314 1461 1449 1561 peciam
1470 1477 1560 1535 terre
1580 1486 1663 1535 cum

455 1562 528 1636 suis
555 1562 778 1662 pertinenciis
794 1563 971 1664 jacentem
998 1562 1091 1637 infra
1116 1563 1315 1637 libertatem
1343 1564 1476 1636 Portus
1502 1565 1666 1636 Dovorre

456 1663 493 1735 in
522 1664 819 1764 Snargatewarde,
848 1664 941 1737 inter
974 1681 1104 1738 terram
1137 1663 1310 1760 Johannis
1344 1663 1512 1762 ffrewyne
1546 1687 1666 1737 versus

456 1763 628 1854 northest,
658 1764 805 1865 Regiam
834 1781 979 1839 stratam
1001 1789 1124 1840 versus
1156 1766 1337 1856 sowthest,
1368 1781 1497 1838 terram
1522 1765 1666 1838 Thome

457 1867 578 1939 Goore
595 1890 717 1938 versus
740 1866 945 1958 southwest,
962 1881 999 1940 et
1022 1883 1153 1940 terram
1178 1867 1272 1940 dicte
1293 1867 1377 1938 ville
1394 1891 1516 1940 versus
1541 1865 1668 1939 north-

457 1982 566 2040 west:
594 1965 744 2040 habend’
762 1983 797 2040 et
821 1967 963 2041 tenend'
989 1969 1182 2066 predictam
1209 1967 1342 2067 peciam
1369 1983 1462 2040 terre
1487 1992 1569 2040 cum
1595 1966 1667 2039 suis

457 2067 681 2166 pertinenciis
714 2067 853 2166 prefato
894 2069 1048 2163 Johanni
1091 2067 1280 2143 heredibus
1312 2084 1348 2141 et
1380 2069 1561 2169 assignatis
1596 2068 1668 2140 suis

459 2168 748 2267 imperpetuum:
804 2166 965 2244 ffaciend’
1008 2170 1091 2243 inde
1140 2168 1327 2242 servicium
1377 2168 1514 2242 domini
1562 2168 1668 2268 Regis

457 2269 964 2344 secundumconsuetudinem
989 2286 1116 2368 portus
1133 2269 1308 2371 predicti:
1336 2285 1371 2343 et
1397 2268 1567 2343 reddend'
1585 2268 1667 2342 inde

458 2369 639 2444 annuatim
674 2370 808 2471 Majori
850 2371 945 2445 dicte
979 2370 1062 2444 ville
1095 2371 1157 2472 qui
1191 2396 1258 2470 pro
1291 2387 1453 2468 tempore
1491 2370 1598 2443 fuerit
1631 2385 1668 2442 et

458 2469 663 2545 custodibus
695 2471 852 2572 ejusdem
885 2472 922 2544 in
967 2473 1073 2546 Festo
1106 2473 1315 2546 Natiuitatis
1347 2471 1463 2546 Sancti
1496 2471 1670 2566 johannis

459 2572 617 2671 Baptiste
651 2598 711 2645 sex
743 2572 906 2647 denarios
939 2573 1098 2647 annualis
1132 2574 1320 2661 redditus;
1357 2589 1394 2646 et
1429 2574 1457 2646 si
1487 2571 1669 2672 contingat

459 2673 595 2748 dictum
612 2672 797 2748 annualem
815 2673 996 2749 redditum
1021 2699 1081 2748 sex
1098 2673 1322 2749 denariorum
1347 2687 1463 2748 aretro
1483 2673 1559 2750 fore
1577 2675 1671 2747 ultra

460 2776 652 2848 terminum
680 2775 878 2874 predictum
913 2801 975 2873 per
1004 2800 1118 2849 unum
1149 2801 1304 2850 mensem
1330 2789 1416 2848 tunc
1444 2774 1582 2848 licitum
1603 2774 1670 2847 erit

462 2875 596 2976 Majori
613 2892 649 2949 et
666 2876 884 2951 Custodibus
903 2879 966 2976 qui
988 2893 1074 2951 tunc
1098 2875 1232 2951 fuerint
1255 2878 1291 2949 in
1317 2875 1510 2975 predictam
1536 2875 1669 2975 peciam

460 2994 552 3050 terre
594 3002 676 3051 cum
717 2979 789 3052 suis
834 2977 1069 3079 pertinenciis,
1112 2978 1157 3051 ad
1198 3002 1505 3078 quorumcumque
1546 3001 1672 3050 manus

461 3079 654 3168 devenerit,
672 3079 842 3154 reintrare
858 3096 895 3152 et
912 3079 1053 3178 pacifice
1078 3079 1257 3178 possidere
1273 3077 1339 3151 sibi
1355 3094 1391 3151 et
1417 3077 1672 3152 successoribus

460 3179 532 3253 suis
562 3180 752 3295 majoribus
779 3195 816 3253 et
845 3179 1050 3254 custodibus
1078 3179 1233 3280 ejusdem
1264 3179 1347 3253 ville
1380 3180 1667 3279 imperpetuum:

461 3297 497 3354 et
527 3281 705 3378 predictus
733 3280 895 3354 Thomas
923 3281 1042 3368 Toke,
1071 3280 1204 3381 Major,
1231 3296 1267 3354 et
1297 3280 1472 3354 Custodes
1494 3295 1530 3355 et
1558 3279 1671 3353 Com-

463 3381 617 3454 munitas
645 3381 812 3478 predicta,
842 3381 1036 3480 predictam
1070 3398 1200 3455 terram
1233 3407 1315 3455 cum
1350 3381 1421 3454 suis
1449 3380 1673 3497 pertinenciis

463 3480 601 3582 prefato
616 3483 769 3577 Johanoi
787 3481 924 3555 ffullare
945 3481 1131 3558 heredibus
1147 3499 1183 3556 et
1208 3481 1390 3583 assignatis
1406 3508 1478 3555 surs
1502 3481 1538 3554 in
1556 3481 1671 3555 forma

463 3581 620 3682 predicta
637 3599 760 3657 contra
776 3608 898 3656 omnes
914 3599 1037 3684 gentes
1053 3582 1331 3658 warantizabunt
1345 3583 1618 3682 imperpetuum.

541 3683 581 3756 In
608 3684 708 3784 cujus
734 3684 784 3756 rei
811 3685 1053 3759 testimonium
1080 3701 1151 3758 tam
1177 3683 1334 3786 sigillum
1360 3709 1546 3758 commune
1563 3709 1670 3783 quam

461 3783 618 3884 sigillum
636 3784 784 3884 predicti
809 3785 982 3880 johannis
1003 3785 1142 3860 ffullare
1167 3785 1234 3859 hiis
1250 3785 1450 3860 indenturis
1472 3785 1670 3860 alternatim

462 3901 547 3960 sunt
563 3911 725 3985 appensa.

538 3988 632 4060 Data
663 3987 780 4086 primo
813 3987 871 4062 die
904 3988 1033 4061 mensis
1065 3986 1278 4088 Septembris
1311 4011 1405 4061 anno
1433 3989 1533 4088 regni
1563 3989 1671 4088 Regis

464 4086 631 4162 Edwardi
649 4089 766 4189 quarti
785 4089 893 4162 tercio
909 4088 1058 4163 decimo.

539 4189 700 4262 Indorro:
736 4190 863 4284 “John
899 4188 1047 4279 ffullare,
1077 4189 1187 4263 modo
1230 4189 1354 4290 Harry
1396 4190 1520 4290 Balgy,
1563 4190 1672 4263 modo

465 4287 571 4363 Robt.
591 4290 731 4364 ffluce.’'

464 4391 547 4508 [41]
