3728 5258
457 451 524 543 14⁶
811 448 992 524 novun
1019 449 1299 525 curareris

876 818 877 821 ,
921 749 1179 830 XLVIII.

826 923 899 1006 xvij
922 922 1033 1005 Junii,
1055 939 1076 1004 4
1100 923 1192 990 Hen.
1218 923 1278 989 1v.

451 1081 598 1154 Scrnnr
624 1097 801 1179 presentes
829 1097 865 1154 et
893 1080 1008 1155 futuri
1038 1081 1133 1182 quod
1162 1105 1241 1180 ego,
1259 1079 1462 1154 Willelmus
1479 1081 1582 1154 Ger*
1598 1099 1657 1170 ss,

451 1180 534 1254 alias
559 1198 704 1256 vocatus
730 1182 901 1282 Harpele,
925 1183 970 1256 de
995 1183 1110 1256 Seinte
1142 1182 1429 1282 Mergretelenne
1464 1183 1500 1254 in
1537 1181 1659 1254 Corni-

451 1299 527 1356 tatu
554 1282 793 1373 Northfolcie,
817 1284 911 1372 dedi,
937 1285 1102 1374 concessi,
1128 1300 1176 1372 et,
1201 1285 1264 1354 hac
1287 1283 1441 1381 presenti
1459 1299 1554 1356 carta
1570 1307 1658 1372 mea,

451 1385 654 1458 confirmavi
684 1386 836 1480 Johanni
868 1385 1014 1458 Petham
1041 1385 1086 1458 de
1114 1386 1291 1475 Dovorra,
1318 1399 1430 1457 totam
1457 1400 1659 1484 propartem

452 1511 564 1559 meam
583 1487 686 1558 unius
703 1485 871 1586 quarterii
890 1486 989 1561 ordei
1004 1486 1120 1660 palme
1145 1501 1314 1584 perpetue
1331 1501 1366 1558 et
1383 1485 1543 1558 annualis
1560 1485 1659 1558 firme

451 1587 655 1688 exurgentis
671 1587 854 1660 annuatim
871 1587 915 1661 de
932 1588 1003 1660 dua
1027 1612 1068 1660 us
1085 1587 1173 1660 acris
1189 1602 1281 1658 terre
1308 1585 1501 1660 Alexandri
1529 1585 1659 1659 Nedot

450 1690 495 1761 de
513 1689 691 1776 Dovorra,
702 1687 902 1788 jacentibus
918 1687 955 1761 in
972 1687 1136 1786 parochia
1155 1687 1199 1760 de
1217 1687 1404 1786 Hugham,
1421 1703 1457 1759 et
1475 1703 1600 1760 tenura
1615 1686 1659 1759 de

450 1788 673 1886 Syberstone,
691 1788 865 1877 videlicet,
883 1788 975 1862 inter
993 1806 1122 1862 terram
1140 1788 1310 1862 heredum
1332 1786 1479 1861 Marthe
1502 1789 1556 1862 Bo
1618 1812 1660 1885 ys

451 1914 573 1963 versus
602 1905 695 1962 caste
723 1905 760 1962 et
790 1889 929 1977 northe,
959 1905 996 1962 et
1025 1891 1116 1963 inter
1147 1905 1276 1962 terram
1307 1889 1449 1962 Thome
1476 1903 1531 1961 ate
1593 1888 1658 1961 alle

452 2015 574 2063 versus
602 2005 708 2063 weste
737 2007 772 2064 et
801 1990 941 2078 southe,
970 2016 1040 2089 que
1069 1990 1215 2089 quidem
1241 2013 1387 2089 propars
1412 1991 1510 2064 ordei
1528 1991 1564 2063 in
1576 1991 1658 2089 jure

451 2090 664 2165 hereditario
692 2116 755 2189 per
785 2107 936 2164 mortem
968 2090 1113 2164 Roberti
1144 2091 1314 2189 Harpcle,
1332 2091 1516 2192 quondam
1542 2089 1660 2164 fratris

452 2191 533 2279 mei,
562 2217 674 2291 nuper
704 2190 904 2266 accidebat:
932 2191 1083 2266 habend’
1100 2207 1136 2265 et
1161 2191 1376 2290 percipiend'
1396 2207 1508 2266 totam
1525 2193 1656 2266 dictam

451 2310 654 2393 propartem
680 2317 794 2366 meam
811 2292 897 2367 dicti
918 2292 1084 2393 quarterii
1103 2293 1200 2366 ordei
1219 2292 1320 2366 firme
1337 2291 1476 2391 prefato
1491 2293 1656 2387 Johanni,

450 2393 638 2468 heredibus
653 2409 689 2466 et
705 2393 777 2466 suis
794 2395 987 2495 assignatis,
1004 2395 1266 2493 imperpetuum
1293 2395 1337 2466 ad
1362 2395 1550 2469 servicium
1576 2393 1657 2466 inde

450 2494 640 2568 solucionis
666 2494 826 2568 debitum
852 2511 888 2568 et
913 2511 1122 2569 consuetum
1139 2494 1244 2594 juxta
1260 2511 1419 2568 tenorem
1437 2494 1656 2594 quarundem

450 2596 720 2670 indenturarum
738 2597 830 2668 inter
846 2595 1001 2694 prefatos
1018 2597 1263 2671 Alexandrum
1293 2611 1328 2668 et
1359 2596 1557 2670 Robertum
1574 2595 1657 2669 inde

450 2695 688 2770 confectarum
725 2696 875 2770 fideliter
909 2697 1088 2771 annuatim
1115 2696 1347 2770 solvendum:
1386 2714 1421 2770 et
1454 2722 1535 2797 ego,
1562 2696 1658 2771 Wil-

449 2798 576 2871 lelmus
592 2797 791 2872 antedictus
812 2814 849 2870 et
873 2799 1017 2873 heredes
1043 2797 1113 2871 mei
1139 2814 1250 2872 totam
1277 2822 1389 2872 meam
1415 2797 1547 2872 dictam
1574 2823 1657 2897 pro-

450 2916 586 2999 partem
613 2899 700 2974 dicti
727 2898 893 2998 quarterii
932 2898 1031 2974 ordei
1069 2900 1168 2972 firme
1205 2899 1452 3000 prenominato
1490 2898 1656 2995 Johanni,

449 3000 637 3076 heredibus
660 3017 696 3074 et
721 3001 794 3074 suis
809 3001 1003 3102 assignatis,
1022 3016 1144 3075 contra
1160 3025 1283 3074 omnes
1304 3011 1427 3100 gentes
1452 3003 1657 3074 warantiza-

449 3101 566 3176 bimus
581 3101 856 3201 imperpetuum.

524 3205 565 3277 In
582 3203 684 3303 cujus
701 3203 750 3275 rei
768 3202 1012 3277 testimonium
1029 3202 1111 3274 huic
1128 3202 1282 3300 presenti
1300 3217 1394 3276 carte
1406 3228 1483 3275 mee
1500 3201 1655 3304 sigillum

448 3330 568 3378 meum
585 3303 743 3402 apposui.
1429 3345 1430 3350 κ

524 3406 618 3478 Data
657 3404 752 3504 apud
802 3404 1014 3502 Syberstone
1056 3402 1195 3477 decimo
1247 3405 1400 3501 septimo
1448 3403 1507 3478 die
1557 3405 1655 3498 Junii

448 3531 542 3579 anno
572 3505 671 3605 regni
703 3504 810 3604 Regis
849 3502 1013 3595 Henrici,
1044 3501 1104 3604 iiiji
1134 3520 1217 3604 post
1251 3522 1485 3604 conquestum
1522 3505 1655 3606 Anglie

473 3621 585 3682 uarto.

447 3632 471 3707 q
523 3705 611 3781 Hiis
627 3703 798 3779 testibus:
828 3704 971 3778 Thoma
987 3705 1105 3793 Giiis3
1131 3706 1274 3779 Thoma
1300 3721 1355 3778 ate
1382 3705 1517 3793 Halle3
1543 3707 1655 3779 Alex-

446 3809 558 3883 andro
575 3807 820 3906 Chilyndene3
846 3806 1007 3900 Johanne
1028 3807 1217 3907 Mayster3
1248 3807 1445 3882 Edmundo
1467 3808 1654 3896 Marchal;

446 3927 482 3984 et
505 3909 591 3983 aliis.
