3728 5258
787 459 964 534 DOVER
991 458 1269 535 CHARTERS

921 754 1133 837 XXVIII.

797 955 875 1002 xxv
894 936 981 1016 Julil
1002 945 1043 1018 37
1064 936 1166 1004 Edw.
1190 937 1256 1004 III.

426 1093 574 1166 Scrnnr
591 1104 770 1189 presentes
793 1105 829 1164 et
854 1088 968 1164 futuri
993 1093 1092 1190 quod
1118 1117 1183 1166 nos
1206 1093 1385 1188 Johannes
1409 1093 1567 1166 Palmere
1592 1094 1638 1168 de

428 1192 616 1292 Hugham‚
662 1191 841 1265 Robertus
890 1190 1055 1265 Taillour
1101 1192 1146 1266 de
1179 1195 1351 1286 Doverm,
1392 1210 1429 1268 et
1474 1195 1637 1294 Rogerus

429 1294 615 1366 Shereman
632 1291 679 1366 de
703 1291 837 1382 eadem,
855 1292 1020 1368 dedimus
1043 1294 1277 1368 conoessimus
1298 1311 1346 1388 et,
1363 1295 1516 1392 presenti
1544 1309 1638 1367 carta

428 1411 559 1487 nostra,
589 1393 876 1469 confirmavimus
912 1393 1032 1468 Alano
1062 1392 1234 1495 Wrangel
1267 1410 1304 1468 et
1338 1394 1494 1468 Cristine
1534 1393 1635 1468 uxori

427 1521 502 1588 sue,
530 1521 601 1594 que
626 1492 695 1568 fuit
726 1519 815 1567 uxor
841 1493 1016 1568 Willelmi
1044 1511 1118 1569 atte
1147 1497 1249 1570 Pette
1277 1495 1427 1588 cissoris,
1453 1495 1636 1596 quoddam

382 1643 384 1648 -
426 1611 668 1670 tenementum
697 1619 779 1668 cum
808 1595 879 1668 suis
901 1597 1124 1694 pertinenciis
1147 1596 1268 1698 jacens
1297 1595 1389 1670 infra
1418 1595 1635 1670 Libertatem

428 1714 554 1797 portus
586 1699 751 1770 Dovorre
785 1695 821 1767 in
850 1697 1148 1796 Snorgatewarde,
1182 1695 1346 1772 videlicet
1379 1696 1472 1771 inter
1506 1713 1635 1771 terram

427 1798 570 1872 Thome
599 1797 744 1894 Spisour
767 1821 888 1869 versus
914 1797 1118 1890 southwest‚
1138 1814 1174 1872 et
1194 1814 1438 1872 tenementum
1465 1798 1635 1872 heredum

427 1899 598 1994 Johannis
616 1897 748 1996 Joseph
771 1921 893 1970 versus
913 1897 1119 1992 northwest,
1145 1914 1181 1972 et
1208 1899 1339 2016 Regias
1364 1915 1490 1974 stratas
1515 1923 1637 1972 versus

428 2000 599 2097 versus(l)
626 2000 786 2072 northest
811 2014 847 2071 et
871 2000 1078 2090 southwest,
1095 1999 1195 2098 quod
1217 2000 1366 2099 quidem
1392 2015 1637 2074 tenementum

429 2125 540 2199 nuper
561 2099 747 2173 habuimus
768 2124 811 2172 ex
830 2098 929 2173 dono
951 2116 988 2174 et
1007 2099 1237 2175 feoffamento
1256 2101 1342 2176 dicti
1369 2100 1542 2174 erlelmi
1565 2117 1638 2175 atte

429 2203 555 2274 Pette:
593 2199 740 2275 habend'
767 2216 805 2274 et
838 2201 976 2275 tenend'
1011 2216 1131 2275 totum
1158 2202 1359 2299 predictum
1393 2218 1636 2276 tenementum

429 2326 513 2375 cum
535 2302 608 2375 suis
625 2301 847 2400 pertinenciis
870 2300 1013 2400 prefatis
1030 2304 1151 2378 Alano
1167 2320 1203 2377 et
1225 2302 1380 2377 Cristine
1397 2301 1499 2376 uxori
1518 2327 1580 2375 sue
1601 2318 1638 2377 et

428 2427 553 2478 eorum
578 2402 761 2503 assigmtis
780 2404 823 2478 ad
841 2420 954 2478 totam
977 2405 1087 2478 vitam
1114 2403 1272 2503 ipsorum
1291 2404 1399 2478 Alani
1417 2420 1452 2478 et
1481 2403 1637 2480 Cristine

429 2505 516 2578 bene
532 2520 569 2578 et
585 2505 622 2577 in
639 2528 723 2603 pace
739 2501 900 2578 ffaciend’
917 2505 1000 2579 inde
1021 2504 1210 2578 servicium
1226 2504 1362 2579 domini
1388 2505 1480 2606 regis
1495 2504 1639 2605 quando

429 2605 587 2680 evenerit
604 2606 799 2680 secundum
824 2605 1118 2680 consuetudinem
1144 2622 1268 2706 portus
1288 2605 1449 2704 predicti,
1467 2631 1506 2679 ac
1528 2605 1635 2679 etiam

430 2705 635 2806 capitalibus
677 2705 832 2780 dominis
873 2704 970 2780 feodi
1003 2705 1098 2780 illius
1133 2706 1251 2780 omnia
1283 2705 1429 2780 servicia
1469 2705 1519 2779 eis
1552 2705 1637 2779 inde

429 2807 612 2881 annuatim
640 2805 759 2881 debita
787 2822 824 2881 et
853 2808 897 2882 de
924 2807 1007 2908 jure
1036 2823 1226 2881 consueta:
1270 2823 1306 2882 et
1341 2823 1420 2906 post
1453 2807 1635 2881 decessum

431 2910 590 3008 ipsorum
619 2908 726 2982 Alani
759 2923 796 2982 et
826 2907 978 2983 Cristine
1011 2925 1131 2983 totum
1160 2908 1361 3007 predictum
1394 2923 1636 2982 tenementum

430 3035 513 3082 cum
540 3009 612 3083 suis
634 3009 858 3108 pertinenciis
883 3026 1061 3084 remaneat
1087 3009 1232 3082 lsabelle
1258 3007 1394 3109 Agneti
1421 3025 1457 3082 et
1486 3008 1638 3083 Cristine

431 3111 567 3184 filiabus
586 3109 735 3210 predicti
754 3109 928 3182 erlelmi
955 3126 991 3184 et
1014 3110 1203 3186 heredibus
1223 3110 1268 3184 de
1285 3108 1493 3207 corporibus
1514 3133 1637 3182 eorum

430 3211 588 3312 legitime
608 3209 796 3309 procreatis
822 3211 909 3283 bene
936 3227 972 3285 et
990 3212 1026 3284 in
1053 3236 1136 3308 pace
1157 3211 1241 3313 jure
1266 3210 1478 3285 hereditario
1507 3209 1639 3308 imper-

432 3328 607 3411 petuum:
634 3309 777 3385 tenend’
794 3335 857 3408 per
877 3311 1065 3386 servicium
1085 3311 1220 3385 domini
1243 3310 1336 3410 regis
1358 3311 1577 3385 antedictum
1603 3326 1640 3384 et

432 3439 494 3512 per
520 3411 666 3486 servicia
692 3409 894 3510 capitalibus
913 3412 1067 3486 dominis
1087 3409 1196 3486 ffeodi
1224 3411 1317 3485 illius
1343 3410 1425 3486 inde
1451 3411 1570 3485 debita
1602 3427 1638 3484 et

432 3529 624 3588 consueta:
652 3529 689 3586 et
712 3537 777 3585 nos
797 3511 946 3610 predicti
968 3512 1146 3607 Johannes
1166 3512 1346 3586 Robertus
1365 3529 1401 3586 et
1422 3512 1585 3612 Rogerus
1604 3528 1640 3584 ct

433 3615 578 3688 heredes
596 3612 708 3686 nostri
724 3611 1031 3688 warantizabimus
1046 3629 1165 3687 totum
1182 3613 1382 3710 predictum
1399 3629 1639 3687 tenementum

432 3739 513 3790 cum
543 3713 711 3788 omnibus
736 3713 960 3812 pertinenciis
986 3714 1071 3802 suis,
1099 3712 1244 3812 prefatis
1273 3713 1393 3788 Alano
1421 3729 1457 3787 et
1485 3712 1640 3788 Cristine

433 3815 535 3892 uxori
553 3841 615 3890 sue
632 3815 677 3890 ad
694 3831 805 3889 totam
822 3814 931 3888 vitam
946 3815 1142 3889 eorundem
1154 3814 1259 3888 Alani
1273 3831 1309 3888 et
1325 3814 1490 3906 Cristine,
1507 3830 1544 3888 et
1559 3829 1640 3912 post

431 3918 612 3992 decessum
636 3916 794 4014 ipsorum
821 3915 927 3988 Alani
955 3932 990 3990 et
1013 3915 1166 3990 Cristine
1191 3915 1328 3990 filiabus
1352 3914 1438 3989 dicti
1465 3914 1638 3988 erlelmi

432 4035 468 4093 et
497 4017 685 4093 heredibus
718 4017 763 4091 de
791 4015 998 4114 corporibus
1031 4040 1154 4091 eorum
1182 4015 1340 4116 legitime
1355 4015 1545 4115 procreetis
1572 4016 1640 4089 im-

433 4135 645 4219 perpetuum
661 4133 785 4192 contra
801 4141 923 4191 omnes
938 4133 1069 4218 gentes.

510 4221 551 4292 In
571 4219 674 4320 cujus
699 4219 750 4292 rei
771 4219 1015 4292 testimonium
1038 4219 1189 4317 presenti
1211 4234 1305 4293 carte
1327 4217 1508 4291 indentate
1527 4216 1641 4317 sigilla

435 4338 554 4396 nostra
580 4321 818 4420 apposuimus.
881 4321 974 4394 Data
995 4322 1160 4396 Dovorra
1188 4319 1225 4392 in
1258 4318 1351 4393 festo
1375 4317 1485 4393 sancti
1519 4317 1640 4413 Jacobi
