3744 5296
441 481 486 555 54
797 453 972 528 novun
998 449 1274 527 cunarum

436 659 527 755 cujus
544 662 592 730 rei
623 658 835 729 testimonium
861 655 926 727 tiis
952 655 1133 728 indenturis
1156 653 1297 751 sigillum
1314 677 1475 726 commune
1492 678 1559 726 una
1576 677 1646 727 curn

437 757 562 854 sigillis
588 759 812 854 predictorum
854 755 1020 842 uolutat,
1059 755 1217 842 Ricardi,
1256 753 1423 842 thlelrni,
1462 753 1645 846 Jolronnis,

440 859 574 946 rhome,
605 876 637 931 et
668 853 829 930 Willelmi
857 857 991 948 Russel,
1018 855 1206 927 alternatim
1233 871 1280 926 est
1302 872 1488 950 appensum.
1540 857 1590 928 Et
1611 872 1650 929 ut

439 960 640 1056 imposterum
670 959 779 1030 omnia
800 961 967 1052 premissa
983 956 1121 1046 firmius
1151 955 1340 1028 roborentur
1364 955 1646 1054 excellentissimus

438 1084 537 1132 comes
561 1061 709 1132 dominus
734 1056 929 1131 Edmundus
945 1055 1043 1146 filius
1067 1056 1203 1130 illustris
1229 1058 1310 1154 regis
1332 1056 1463 1154 Anglie‚
1481 1074 1514 1130 et
1532 1058 1646 1130 Custos

439 1163 576 1258 quinque
594 1176 762 1256 portuum,
785 1159 932 1253 predicta
956 1159 1078 1251 scripta
1104 1157 1211 1253 sigilli
1237 1159 1291 1231 sui
1316 1157 1527 1251 impressione
1551 1159 1647 1232 robo-

439 1263 542 1335 ravit.

514 1361 614 1436 Data
648 1360 808 1434 Dovorra
840 1360 992 1432 vicesimo
1026 1359 1123 1431 tercio
1156 1356 1208 1430 die
1247 1359 1398 1431 Octobris
1431 1383 1517 1432 anno
1550 1362 1647 1456 regri

439 1465 526 1562 regis
543 1462 722 1548 Edwardi‚
737 1461 803 1551 filii
819 1463 906 1558 regis
921 1458 1099 1549 Edwardi,
1116 1457 1137 1498 ¹*
1147 1459 1266 1532 dicimo
1283 1461 1425 1553 separet.

515 1564 595 1637 Nos
624 1562 884 1636 considerantes
912 1559 1009 1659 quod
1039 1559 1133 1632 inter
1162 1559 1323 1632 homines
1349 1559 1515 1632 habentes
1542 1585 1647 1634 naves

440 1663 664 1764 passagiarias
681 1663 718 1735 in
735 1661 861 1735 eodem
877 1677 997 1758 portu,
1007 1674 1044 1734 et
1054 1676 1187 1734 ceteros
1199 1660 1360 1734 homines
1370 1660 1649 1735 Communitatis

440 1766 597 1863 predicte
613 1789 716 1862 super
733 1761 893 1860 proficuo
910 1761 1061 1861 passagii
1109 1761 1245 1852 redicti,
1263 1762 1401 1836 diverse
1417 1761 1649 1836 dissensiones

440 1881 476 1938 et
493 1865 669 1940 discordie
693 1880 775 1937 ante
796 1862 861 1936 hec
886 1879 1047 1961 tempora
1071 1787 1216 1936 dierunt
1241 1862 1386 1937 suborte
1402 1887 1445 1934 ex
1462 1861 1593 1962 quibus
1609 1861 1646 1934 in

440 1967 566 2040 eodem
591 1981 697 2063 portu
722 1965 876 2063 dampna
891 1963 1045 2062 plurima
1067 1979 1273 2053 evenerunt,
1294 1963 1524 2062 volentesque
1549 1961 1648 2036 malis

442 2065 646 2167 hujusmodi
675 2090 741 2165 pro
766 2063 897 2139 futuris
922 2063 1141 2162 temporibus
1166 2062 1311 2137 obviare
1336 2081 1372 2138 et
1399 2063 1646 2164 tranquillitati

439 2184 476 2241 et
501 2167 613 2267 quieti
638 2165 802 2240 omnium
827 2181 863 2239 et
887 2165 1110 2264 singulorum
1136 2181 1261 2263 portus
1281 2165 1429 2264 predicti
1447 2165 1646 2264 providere,

411 2333 414 2338 .
440 2268 560 2342 omnia
592 2284 628 2341 et
659 2267 798 2365 singula
831 2267 997 2365 premissa
1026 2265 1062 2338 in
1091 2265 1190 2340 dicto
1217 2266 1351 2364 scripto
1380 2282 1546 2340 contenta
1573 2281 1648 2339 reta

441 2368 609 2442 habentes
624 2383 660 2441 et
677 2384 779 2468 grata
794 2392 834 2440 ea
851 2392 916 2466 pro
933 2364 1035 2439 nobis
1054 2381 1091 2440 et
1107 2365 1295 2440 heredibus
1315 2366 1455 2455 nostris,
1472 2382 1648 2466 quantum

441 2473 477 2544 in
509 2469 611 2544 nobis
639 2484 704 2557 est,
734 2467 963 2542 concedimus
991 2483 1028 2540 et
1055 2467 1307 2541 confirmamus
1336 2493 1420 2542 cum
1449 2467 1647 2568 adjeccione

441 2569 533 2645 infra
548 2571 685 2669 scripta,
704 2570 880 2658 videlicet,
904 2567 1002 2668 quod
1027 2592 1151 2641 omnes
1170 2584 1206 2641 et
1222 2567 1354 2666 singuli
1377 2569 1422 2643 de
1439 2584 1548 2666 portu
1590 2593 1647 2641 re-

440 2673 538 2747 dicto
563 2672 625 2771 qui
652 2695 758 2744 naves
782 2695 844 2743 sen
870 2669 1017 2742 botellos
1042 2668 1245 2769 hujusmodi
1271 2668 1496 2768 passagiarios
1519 2594 1647 2742 hahere

440 2773 596 2871 poterint
612 2786 648 2845 et
665 2769 857 2859 voluerint,
874 2795 934 2844 eos
959 2769 1121 2859 habeant,
1150 2784 1187 2843 et
1212 2769 1494 2843 contribuciones
1519 2768 1650 2843 faciant

439 2875 666 2972 supradictas,
693 2888 731 2944 et
754 2871 853 2971 quod
879 2871 1026 2969 pecunia
1050 2870 1095 2944 de
1120 2869 1446 2945 contribucionibus
1471 2869 1538 2944 illis
1565 2897 1647 2970 per-

439 2975 582 3048 veniens
598 2975 635 3047 in
655 2973 809 3071 quadam
833 2971 1016 3046 communi
1033 2972 1119 3046 cista
1135 2971 1172 3044 in
1188 2971 1332 3045 ecclesia
1348 2973 1463 3045 Sancti
1482 2971 1644 3064 Martini,

439 3077 615 3164 Dovorre‚
652 3073 718 3148 sub
753 3073 914 3147 custodia
955 3074 1113 3148 duorum
1147 3071 1204 3146 vel
1236 3073 1348 3145 trium
1382 3072 1575 3170 proborum
1609 3089 1646 3146 et

437 3177 602 3275 legalium
644 3173 831 3249 hominum
874 3190 1000 3272 portus
1036 3173 1182 3271 predicti
1222 3173 1427 3274 hujusmodi
1472 3198 1577 3246 naves
1610 3190 1646 3247 et

439 3276 583 3350 batellos
600 3275 826 3376 passagiarios
842 3274 1051 3348 habencium
1068 3300 1131 3373 per
1148 3275 1308 3348 homines
1325 3299 1430 3348 naves
1446 3291 1483 3347 et
1499 3273 1646 3348 batellos

438 3377 644 3451 hu'usmodi
671 3375 838 3449 habentes
859 3375 1011 3473 eligend’
1029 3390 1067 3447 et
1082 3375 1150 3448 sub
1166 3374 1290 3475 sigillis
1310 3373 1462 3449 abosum
1486 3375 1645 3449 duorum

436 3503 481 3552 ve
520 3479 630 3551 trium
657 3477 852 3577 proborum
869 3491 906 3548 et
921 3475 1090 3576 legalium
1106 3475 1290 3548 bominum
1309 3476 1353 3550 de
1377 3477 1519 3552 residuo
1534 3477 1642 3551 Com-

437 3579 621 3653 munitatis
638 3577 793 3678 predicte
810 3601 876 3675 pro
891 3577 941 3650 eis
957 3576 1001 3651 ad
1019 3577 1086 3650 hoc
1102 3575 1264 3651 similiter
1281 3575 1432 3676 eligend’
1444 3578 1644 3677 deponatur

436 3679 658 3755 custodiend'
681 3678 718 3752 in
744 3677 916 3751 auxilium
941 3677 1078 3750 servicii
1103 3675 1205 3750 nobis
1231 3694 1267 3751 et
1297 3677 1485 3753 heredibus
1515 3680 1644 3752 nosmis

436 3783 481 3856 de
506 3797 616 3880 portu
641 3778 801 3879 predicto
825 3777 936 3852 debiti
962 3776 1111 3852 faciend'
1128 3795 1165 3853 et
1185 3803 1251 3877 pro
1276 3777 1351 3852 aliis
1376 3779 1643 3855 necessitatibus

434 3883 592 3984 ejusdem
609 3896 735 3982 portus
751 3904 832 3954 eum
849 3879 1066 3954 occurrerint
1081 3879 1205 3954 melius
1222 3880 1462 3978 supportand’.

511 3983 553 4056 ln
571 3983 672 4085 cujus
688 3982 738 4056 rei
756 3980 1001 4056 testimonium
1018 3982 1079 4055 has
1095 3979 1231 4055 litteras
1248 3997 1388 4055 nostras
1404 3979 1479 4055 fieri
1493 3979 1642 4055 fecimus

458 4101 602 4159 arentes.

434 4111 457 4184 p
507 4187 616 4259 Teste
633 4209 702 4272 me,
720 4183 798 4282 ipso
820 4182 915 4280 apud
932 4182 1305 4272 westmonasterium,
1323 4183 1490 4258 vicesimo
1512 4199 1641 4283 quarto

406 4303 411 4314 ’
433 4286 490 4360 die
509 4287 636 4360 Marcii
654 4309 746 4359 anno
763 4284 863 4384 regni
881 4284 992 4358 nostri
1009 4282 1149 4356 decimo
1165 4283 1327 4381 septimo.

429 4481 508 4568 [¹4]
977 4396 1095 4472 Ἥ
