3748 5266
442 463 514 537 224
802 444 980 519 novsn
1008 444 1288 520 enarrans

944 646 1038 725 LX
1053 646 1097 725 X
1111 647 1143 728 1.

811 837 892 884 xxx
912 820 1009 900 Julii,
1031 833 1073 902 25
1095 822 1187 888 Hen.
1208 820 1271 886 VI.

437 977 589 1058 §emur
623 993 801 1074 presentes
833 992 869 1050 et
896 975 1010 1051 futuri
1044 979 1145 1077 quod
1169 1002 1248 1076 ego,
1277 977 1488 1074 Radulpbus
1529 975 1646 1064 Toke,

438 1077 599 1177 armiger,
628 1077 749 1178 Major
774 1078 903 1151 Portus
929 1079 1104 1168 Dovorre,
1135 1079 1277 1153 nomine
1302 1095 1338 1151 et
1367 1103 1508 1152 assensu
1533 1076 1646 1150 tocius

439 1178 712 1252 Communitatis
752 1177 911 1279 ejusdem
954 1180 1083 1253 Portus
1111 1179 1229 1254 dimisi
1265 1179 1464 1268 deliberavi,
1498 1194 1546 1268 et,
1585 1176 1647 1250 hac

439 1280 591 1376 presenti
618 1295 711 1353 carta
728 1304 805 1352 mea
829 1279 1021 1368 indentata‚
1039 1280 1244 1355 confirmavi
1260 1280 1446 1353 Willelmo
1464 1279 1646 1374 Hawkys-

439 1379 549 1470 welle,
566 1381 706 1470 clerico,
725 1406 831 1454 unam
857 1382 991 1482 peciam
1017 1397 1109 1456 terre
1127 1382 1304 1483 jacentem
1330 1380 1423 1454 infra
1447 1379 1645 1453 libertatem

439 1481 569 1556 Portus
602 1484 778 1571 Dovorre‚
812 1498 848 1554 et
886 1483 923 1556 in
958 1482 1250 1582 Horspolwarde,
1284 1498 1393 1582 prout
1429 1481 1522 1583 jacet
1556 1481 1648 1554 inter

439 1584 586 1684 Regiam
611 1599 754 1657 stratam
780 1609 904 1658 versus
929 1586 1049 1674 north,
1066 1599 1103 1657 et
1126 1601 1256 1659 terram
1277 1583 1417 1658 Ricardi
1435 1583 1646 1656 Shortstrete

438 1683 545 1757 south
571 1700 607 1758 et
632 1701 729 1775 west,
746 1709 785 1758 ac
810 1685 1029 1785 mesuagium
1049 1683 1207 1786 ejusdem
1230 1684 1402 1758 Willelmi
1426 1709 1548 1759 versus
1567 1698 1643 1754 est:

437 1783 587 1858 habend'
613 1803 649 1860 et
676 1783 818 1861 tenend’
837 1785 1030 1886 predictam
1056 1803 1186 1862 terram
1211 1810 1293 1859 cum
1319 1785 1392 1859 suis
1421 1783 1646 1884 pertinenciis

438 1884 574 1982 prefato
590 1885 776 1959 Willelmo
802 1885 990 1961 heredibus
1015 1903 1052 1961 et
1068 1887 1250 1988 assignatis
1275 1886 1370 1960 suis:
1398 1884 1547 1959 faciend'
1564 1884 1646 1958 inde

437 1986 625 2060 servicium
654 1986 790 2060 domini
825 1989 935 2087 Regis
961 1989 1155 2064 secundum
1189 1986 1482 2062 consuetudinem
1518 1986 1647 2060 Portus

438 2087 585 2185 predicti
604 2113 684 2160 cum
701 2088 876 2177 acciderit,
895 2115 933 2162 ac
956 2089 1121 2165 aliainde
1144 2089 1291 2162 servicia
1313 2088 1432 2162 debita
1447 2103 1484 2160 et
1501 2088 1545 2161 de
1564 2087 1647 2186 jure

438 2204 627 2261 consueta:
667 2205 703 2263 et
737 2188 886 2262 ulterius
918 2190 1002 2264 inde
1030 2189 1200 2264 reddend’
1230 2189 1345 2264 eidem
1374 2187 1579 2287 Radulpho‚
1610 2202 1646 2259 et

436 2287 694 2363 successoribus
710 2289 782 2363 suis
801 2290 999 2390 Majoribus
1014 2291 1145 2364 Portus
1158 2291 1319 2388 predicti,
1332 2291 1395 2406 qui
1409 2314 1476 2388 pro
1488 2305 1646 2386 tempore

437 2407 542 2464 erunt
576 2390 613 2463 in
640 2389 774 2479 futuro,
807 2391 851 2464 ad
888 2391 1036 2466 Festum
1063 2392 1194 2465 Pasche
1228 2391 1376 2490 singulis
1409 2390 1508 2465 annis
1532 2414 1644 2462 unum

437 2491 620 2564 annualem
631 2491 811 2565 redditum
822 2493 931 2566 trium
944 2492 1170 2567 denariorum
1182 2490 1355 2581 solvend’,
1372 2507 1408 2564 et
1420 2491 1449 2564 si
1463 2491 1646 2590 contingat

436 2592 572 2666 dictum
589 2591 772 2666 annualem
790 2592 970 2667 redditum
980 2594 1025 2667 ad
1042 2593 1179 2668 dictum
1196 2591 1327 2667 festum
1344 2608 1460 2666 aretro
1476 2590 1554 2665 fore
1572 2617 1644 2665 non

436 2693 595 2766 solutum
612 2719 672 2766 seu
690 2708 811 2792 postea
824 2719 888 2792 per
905 2719 1016 2768 unum
1033 2719 1190 2768 mensem
1207 2697 1306 2794 quod
1323 2710 1409 2768 tunc
1425 2693 1560 2767 licitum
1577 2692 1644 2765 erit

437 2791 574 2892 prefato
592 2795 781 2893 Radulpho
806 2810 842 2868 et
865 2795 1122 2870 successoribus
1149 2795 1222 2869 suis
1237 2795 1275 2869 in
1301 2795 1495 2893 predictam
1512 2793 1644 2892 peciam

437 2911 530 2969 terre
546 2919 627 2968 cum
645 2896 716 2970 suis
741 2896 964 2996 pertinenciis
980 2897 1160 2990 reintrare,
1177 2911 1213 2969 et
1230 2895 1325 2970 illam
1342 2895 1475 2995 peciam
1493 2911 1584 2968 terre
1607 2895 1643 2966 in

436 2997 588 3095 pristino
628 3013 722 3072 statu
764 3022 830 3072 suo
878 2997 1041 3088 retinere,
1084 2998 1151 3072 hiis
1191 2997 1294 3071 cartis
1339 2995 1530 3071 indentatis
1573 3021 1643 3071 non

434 3097 666 3173 obstantibus.

513 3200 554 3271 ln
585 3199 683 3300 cujus
712 3200 761 3272 rei
794 3199 1037 3273 testimonium
1072 3199 1132 3272 uni
1167 3201 1256 3297 parti
1290 3199 1437 3272 istarum
1471 3214 1643 3272 cartarum

436 3300 708 3389 indentatarum,
751 3326 856 3400 penes
897 3300 1072 3399 prefatum
1115 3299 1345 3399 Radulphum
1389 3299 1567 3400 Majorem
1608 3315 1644 3372 et

436 3425 650 3474 successores
674 3426 758 3475 suos
783 3402 988 3489 remanenti,
1014 3401 1108 3475 idem
1135 3400 1337 3473 Willelmus
1361 3400 1516 3501 sigillum
1539 3425 1643 3473 suum

436 3502 609 3599 apposuit,
644 3500 742 3574 alteri
784 3527 870 3576 vero
911 3501 1014 3617 parti,
1057 3527 1162 3599 penes
1203 3499 1379 3600 prefatum
1423 3499 1643 3574 Willelmum

437 3601 700 3701 Hawkyswelle
728 3619 933 3692 remanenti,
962 3602 1055 3676 idem
1088 3601 1297 3700 Radulphus
1333 3601 1452 3702 Major
1487 3601 1643 3702 sigillum

438 3702 542 3775 officii
561 3702 751 3802 majoratus
769 3703 899 3776 Portus
916 3703 1064 3802 predicti
1083 3701 1166 3777 fecit
1183 3704 1321 3802 apponi.

513 3805 605 3876 Data
621 3804 786 3877 Dovorra
809 3803 978 3902 predicta,
996 3805 1193 3901 penultimo
1215 3804 1273 3877 die
1298 3803 1425 3876 mensis
1440 3803 1526 3896 Julii
1552 3828 1644 3876 anno

437 3904 537 4005 regni
556 3903 664 4006 Regis
682 3904 845 3994 Henrici,
858 3905 945 3978 sexti
963 3920 1045 4003 post
1065 3921 1298 4004 conquestum
1315 3902 1459 4004 Anglie,
1476 3904 1643 3979 vicesimo

463 4007 575 4079 uinto.

437 4032 460 4105 q
515 4109 554 4179 In
584 4107 687 4180 dorso.
740 4117 762 4147 “
777 4107 898 4180 Rector
924 4107 1053 4182 ecclesie
1079 4109 1191 4181 Sancti
1215 4104 1366 4181 Jacobi.”

436 4376 519 4480 [37]
