3702 5254
817 451 995 526 DOVER
1022 453 1302 528 CHARTERS

1010 755 1045 834 C
1058 755 1076 832 1
1091 755 1125 833 1.

759 927 793 1008 iij
820 927 1043 1008 Novembris,
1068 939 1109 1008 35
1133 927 1225 995 Heu.
1249 927 1351 994 VIII.

453 1081 600 1156 Scraur
617 1099 795 1182 presentes
811 1099 847 1156 et
868 1081 982 1156 futuri
1001 1083 1101 1183 quod
1125 1109 1189 1156 nos
1205 1084 1383 1178 Johannes
1400 1082 1518 1171 Elam,
1543 1081 1664 1182 Major

454 1182 537 1256 ville
550 1201 586 1256 et
602 1184 735 1257 Portus
749 1183 927 1271 Dovorre,
946 1185 1105 1257 Thomas
1121 1183 1350 1282 Myddleton‚
1368 1185 1529 1256 Thomas
1548 1183 1661 1272 Peter,

454 1285 614 1358 Thomas
648 1285 754 1376 Alen,
784 1302 820 1358 et
851 1284 1033 1358 Henricus
1062 1284 1277 1374 Harwoode,
1314 1285 1490 1359 Custodes
1518 1285 1600 1357 ville
1627 1300 1663 1356 et

454 1403 579 1482 portus
613 1385 775 1483 predicti,
809 1411 852 1458 ex
894 1387 1050 1458 unanimi
1086 1411 1225 1460 assensu
1264 1402 1299 1459 et
1333 1411 1507 1458 concensu
1550 1385 1663 1458 tocius

454 1487 733 1560 Communitatis
750 1486 834 1560 ville
859 1504 894 1559 et
913 1504 1038 1586 portus
1063 1489 1225 1584 predicti,
1243 1487 1407 1561 dedimus
1430 1487 1663 1559 concessimus

452 1605 499 1676 et,
543 1589 607 1660 hac
649 1589 801 1685 presenti
839 1606 932 1662 carta
983 1604 1103 1661 nostra
1145 1589 1335 1677 indentata‚
1375 1587 1662 1661 confirmavimus

454 1687 654 1762 Edmundo
685 1689 815 1786 Mody‚
833 1713 1017 1788 generoso,
1036 1688 1166 1762 ballivo
1191 1689 1272 1762 ville
1296 1707 1331 1762 et
1355 1705 1479 1786 portus
1504 1689 1663 1786 predicti,

455 1813 560 1861 unam
594 1815 742 1863 vacuam
772 1789 906 1886 peciam
940 1807 1029 1862 terre
1064 1815 1146 1863 cum
1176 1791 1399 1890 pertinenciis
1423 1791 1597 1891 jacentem
1627 1804 1663 1860 et

456 1891 663 1962 existentem
707 1889 800 1964 infra
842 1890 1037 1964 libertatem
1079 1891 1163 1964 ville
1197 1910 1232 1964 et
1275 1909 1400 1988 portus
1441 1890 1589 1988 predicti
1626 1889 1661 1961 in

456 1989 753 2080 Werstonwarde,
772 1990 988 2066 abuttantem
1012 2018 1117 2090 super
1142 2009 1270 2065 terram
1288 1991 1463 2065 Clementi
1482 1992 1664 2090 Gregorye

454 2117 497 2164 ex
514 2090 670 2188 partibus
692 2091 851 2164 orientali
869 2109 904 2166 et
922 2090 1057 2183 boriali,
1074 2112 1109 2166 et
1129 2119 1233 2191 super
1258 2117 1484 2166 communem
1501 2093 1594 2166 viam
1619 2116 1663 2162 ex

453 2190 610 2290 partibus
627 2193 833 2266 occidentali
851 2211 886 2267 et
904 2194 1058 2284 australi,
1075 2220 1143 2294 que
1161 2194 1306 2294 quidem
1325 2219 1432 2266 vacua
1457 2194 1554 2292 pecie
1571 2209 1662 2265 terre

455 2317 568 2390 nuper
602 2293 754 2394 contigit
783 2293 865 2367 ville
901 2311 936 2366 et
971 2295 1089 2394 portui
1128 2296 1287 2392 predicto
1317 2320 1379 2392 per
1409 2320 1480 2367 non
1515 2292 1662 2366 faciend’

452 2393 642 2466 servicium
677 2395 837 2468 Domino
864 2411 987 2469 nostro
1017 2397 1107 2496 Regi
1142 2395 1336 2469 secundum
1371 2395 1662 2469 consuetudinem

454 2510 578 2592 portus
595 2495 766 2592 predicti:
795 2495 945 2569 habend’
958 2513 993 2569 et
1011 2497 1151 2570 tenend'
1163 2496 1353 2594 predictam
1371 2521 1517 2570 vacuam
1531 2495 1663 2592 peciam

455 2614 546 2668 terre
564 2621 648 2669 cum
663 2597 886 2694 pertinenciis
902 2596 1040 2694 prefato
1058 2597 1256 2672 Edmundo
1274 2598 1405 2696 Mody,
1424 2595 1612 2671 heredibus
1627 2612 1663 2668 et

454 2697 638 2796 assignatis
654 2699 737 2788 suiS,
750 2698 1012 2796 imperpetuum
1032 2727 1039 2772 ε
1058 2697 1206 2772 faciend’
1219 2699 1301 2771 inde
1315 2699 1503 2772 servicium
1516 2697 1665 2771 domino

457 2815 578 2871 nostro
600 2798 687 2898 Regi
712 2798 907 2872 secundum
938 2799 1230 2873 consuetudinem
1258 2816 1385 2896 portus
1408 2799 1555 2897 predicti
1582 2821 1663 2870 cum

455 2898 645 2972 acciderit:
690 2899 862 2974 reddend’
901 2901 1012 2974 eciam
1054 2901 1234 2973 annuatim
1271 2898 1417 2997 prefatis
1453 2899 1585 2999 Majori
1627 2915 1662 2970 et

457 2999 675 3073 Custodibus
692 3000 775 3072 ville
798 3017 834 3074 et
851 3018 973 3098 portus
994 3001 1142 3100 predicti
1161 3019 1195 3074 et
1216 3002 1472 3074 successoribus
1496 3001 1541 3074 ad
1559 3024 1663 3072 usum

456 3099 538 3172 ville
556 3117 592 3173 et
608 3117 732 3200 portus
750 3101 896 3198 predicti
914 3119 996 3174 octo
1021 3102 1181 3174 denarios
1197 3101 1451 3202 sterlingorum
1471 3101 1514 3174 ad
1533 3100 1664 3174 festum

455 3201 723 3301 Assumpcionis
745 3201 844 3275 beate
863 3203 980 3276 Marie
998 3203 1156 3302 Virginis
1172 3203 1355 3276 annuatim
1372 3201 1551 3275 solvend':
1580 3201 1662 3273 etsi

455 3303 634 3402 contingat
651 3303 786 3376 dictum
804 3301 988 3376 annualem
1005 3303 1186 3378 redditum
1200 3321 1283 3379 octo
1306 3304 1531 3377 denariorum
1549 3318 1665 3375 aretro

455 3400 532 3476 fore
562 3405 598 3474 in
622 3419 721 3502 parte
749 3405 804 3477 vel
833 3405 869 3476 in
900 3419 977 3478 toto
1004 3421 1086 3504 post
1116 3403 1247 3477 festum
1278 3405 1476 3503 predictum
1505 3428 1589 3504 quo,
1623 3419 1662 3476 ut

455 3502 643 3600 prefertur,
670 3503 758 3577 solvi
786 3503 913 3578 debeat
939 3532 1009 3579 non
1037 3505 1197 3580 solutum
1226 3532 1288 3605 per
1310 3504 1530 3605 quarterium
1559 3503 1664 3576 unius

455 3604 547 3692 anni,
568 3604 666 3703 quod
684 3621 816 3678 extunc
834 3606 922 3679 bene
938 3606 1056 3681 licebit
1074 3605 1218 3704 prefatis
1237 3607 1369 3707 Majori
1393 3623 1428 3679 et
1447 3605 1664 3679 Custodibus

455 3703 537 3778 ville
563 3723 599 3777 et
625 3722 751 3803 portus
776 3707 926 3804 predicti
953 3724 989 3781 et
1018 3709 1274 3782 successoribus
1302 3709 1375 3780 suis
1404 3709 1440 3779 in
1471 3707 1664 3804 predictam

455 3830 603 3878 vacuam
626 3808 758 3904 peciam
789 3824 879 3881 terre
910 3834 992 3882 cum
1019 3809 1244 3907 pertinenciis
1269 3810 1343 3882 suis
1366 3809 1535 3880 reintrare
1559 3824 1595 3879 et
1626 3807 1663 3879 in

455 3905 604 4005 pristino
636 3923 730 3981 statu
765 3908 930 3982 rehabere
972 3927 1008 3984 et
1051 3911 1241 4008 possidere,
1273 3910 1336 3983 hac
1377 3909 1526 4008 presenti
1571 3925 1664 3981 carta

455 4007 636 4081 indentata
657 4024 694 4080 et
720 4008 844 4082 seisina
869 4033 973 4107 super
997 4012 1143 4084 eandem
1171 4011 1359 4085 deliberata
1384 4012 1422 4083 in
1448 4011 1664 4082 contrarium

455 4108 575 4207 aliquo
605 4109 716 4183 modo
746 4135 817 4182 non
841 4109 1026 4184 obstante:
1054 4129 1090 4185 et
1122 4139 1186 4184 nos
1215 4137 1299 4186 vero
1325 4109 1451 4210 prefati
1484 4110 1606 4209 Major
1628 4127 1663 4182 et

455 4209 631 4284 Custodes
663 4226 699 4284 et
733 4236 947 4285 successores
978 4214 1089 4286 nostri
1121 4214 1314 4313 predictam
1351 4235 1494 4286 vacuam
1530 4211 1663 4310 peciam
