3728 5258
434 467 477 537 88
793 461 970 536 DOVER
995 461 1271 536 CHARTERS

937 760 1126 842 xxvn.

796 940 808 1004 i
829 936 1006 1020 Octobris,
1027 947 1070 1020 35
1090 936 1192 1005 Edw.
1215 937 1281 1006 111.

430 1095 577 1169 Scrnur
602 1108 781 1195 presentes
812 1109 849 1168 et
882 1091 996 1169 futuri
1030 1092 1129 1194 quod
1163 1117 1228 1166 nos
1254 1093 1417 1194 Rogerus
1441 1092 1641 1184 Neueman,

431 1195 581 1270 vicarius
592 1195 734 1270 ecclesie
750 1195 796 1270 de
807 1193 1025 1295 Westclyve,
1042 1210 1079 1268 et
1091 1193 1300 1268 Valentinus
1316 1196 1418 1285 Gate,
1432 1195 1641 1294 capellanus,

432 1296 594 1371 dedimus
626 1296 862 1370 concessimus
895 1312 942 1387 et,
977 1295 1041 1369 hac
1074 1295 1228 1394 presenti
1262 1311 1356 1369 carta
1390 1312 1521 1389 nostra,
1555 1321 1642 1371 con·

430 1399 648 1471 firmavimus
671 1397 850 1473 Salomoni
876 1397 1045 1489 Hollane,
1073 1413 1109 1471 et
1137 1396 1254 1472 Alicie
1282 1397 1383 1471 uxori
1407 1397 1495 1498 ejus,
1522 1397 1641 1471 omnia

431 1499 490 1572 illa
506 1515 617 1573 terras
641 1515 843 1573 tenementa
864 1515 900 1573 et
917 1497 1080 1573 redditus
1102 1522 1184 1572 cum
1207 1497 1384 1572 curiartun
1405 1499 1507 1573 sectis
1527 1497 1642 1572 feodi-

431 1600 564 1674 tatibus
596 1599 735 1676 releviis
769 1599 936 1674 eschaetis
968 1614 1006 1672 et
1038 1599 1115 1673 aliis
1138 1598 1280 1701 juribus
1313 1599 1469 1674 serviciis
1494 1615 1530 1673 et
1559 1625 1641 1715 per-

431 1699 593 1775 tinenciis
617 1701 701 1790 suis,
718 1726 789 1800 que
815 1725 927 1800 nuper
952 1699 1140 1774 habuimus
1164 1701 1209 1774 de
1234 1698 1332 1774 dono
1357 1716 1393 1775 et
1418 1724 1640 1774 concessione

432 1802 542 1901 ipsius
574 1801 770 1876 Salomonis
811 1802 849 1875 in
891 1800 1066 1899 parochiis
1108 1801 1153 1874 de
1186 1800 1405 1902 Westclyve,
1447 1818 1484 1875 et
1517 1801 1641 1875 Sancte

433 1904 637 2004 Margarete
663 1902 709 1976 de
742 1901 855 2002 Clyve
885 1901 980 2002 apud
1012 1901 1168 1992 Soltone,
1194 1918 1305 2002 prout
1338 1901 1375 1974 in
1410 1917 1502 1976 certa
1530 1902 1641 2000 ipsius

430 2003 626 2077 Salomonis
651 2002 753 2076 nobis
777 2003 862 2078 inde
887 2001 1047 2077 confecta
1072 2002 1211 2101 plenius
1236 2002 1463 2077 continetur:
1491 2001 1639 2078 habend’

430 2121 466 2180 et
492 2103 634 2179 tenend'
661 2105 780 2178 omnia
804 2103 864 2176 illa
886 2119 995 2178 terras
1020 2119 1220 2178 tenementa
1242 2119 1278 2178 et
1302 2102 1463 2178 redditus
1484 2104 1641 2203 predicta

431 2230 514 2280 cum
536 2204 702 2279 omnibus
727 2205 893 2304 predictis
918 2204 1072 2278 serviciis
1097 2221 1133 2277 et
1158 2203 1235 2279 aliis
1255 2203 1478 2304 pertinenciis
1498 2205 1571 2278 suis
1595 2206 1638 2280 ad

429 2305 524 2381 dicta
552 2323 754 2380 tenementa
786 2304 1034 2405 spectantibus,
1061 2305 1228 2405 predictis
1252 2305 1429 2380 Salomoni
1454 2320 1490 2378 et
1527 2305 1639 2380 Alicie

429 2405 531 2481 uxori
573 2407 649 2508 ejus
689 2406 877 2480 heredibus
909 2422 946 2481 et
986 2406 1169 2508 assignatis
1209 2406 1320 2506 ipsius
1360 2407 1556 2481 Salomonis
1594 2408 1639 2483 de

430 2509 578 2583 domino
594 2507 691 2581 feodi
709 2532 771 2606 per
796 2505 942 2580 servicia
966 2506 1049 2581 inde
1066 2506 1184 2581 debita
1201 2509 1490 2607 imperpetuum:
1517 2523 1554 2583 et
1575 2533 1639 2583 nos

430 2609 581 2708 predicti
607 2611 770 2707 Rogerus
791 2625 827 2682 et
844 2607 1053 2682 Valentinus
1076 2623 1113 2683 et
1138 2609 1283 2683 heredes
1305 2609 1417 2683 nostri
1442 2609 1561 2683 omnia
1580 2609 1639 2684 illa

430 2727 541 2784 terras
564 2725 763 2784 tenementa
786 2725 824 2784 et
845 2708 1007 2784 redditus
1023 2709 1181 2808 predicta
1201 2733 1282 2784 cum
1305 2709 1476 2783 universis
1494 2709 1639 2810 juribus

430 2810 586 2885 serviciis
607 2811 774 2912 predictis
789 2825 825 2886 et
844 2809 921 2883 aliis
937 2810 1163 2909 pertinenciis
1178 2810 1252 2884 suis
1275 2809 1441 2910 predictis
1460 2811 1637 2886 Salomoni

428 2930 464 2987 et
487 2912 603 2987 Alicie
619 2913 721 2986 uxori
744 2911 821 3013 ejus
843 2911 1032 2985 heredibus
1047 2927 1084 2986 et
1102 2909 1285 3011 assignatis
1309 2910 1419 3009 ipsius
1444 2910 1638 2987 Salomonis

428 3029 553 3088 contra
569 3039 693 3089 omnes
708 3028 832 3113 gentes
848 3012 1169 3087 warantizabimus
1185 3012 1460 3113 imperpetuum.

507 3115 551 3190 ln
593 3114 692 3217 cujus
733 3116 783 3188 rei
824 3113 1068 3190 testimonium
1110 3111 1226 3214 sigilla
1263 3127 1383 3188 nostra
1417 3111 1637 3213 presentibus

427 3215 663 3316 apposuimus

504 3317 597 3391 Data
619 3316 715 3416 apud
746 3313 951 3414 Westclyve
976 3313 1177 3415 primodie
1208 3312 1379 3389 Octobris
1411 3341 1504 3390 anno
1535 3316 1636 3416 regni

428 3417 522 3516 regis
563 3416 742 3507 Edwardi,
776 3415 875 3492 tercii
903 3433 985 3516 post
1025 3432 1260 3515 conquestum
1294 3415 1427 3518 Anglie
1459 3415 1637 3491 tricesimo

454 3519 568 3595 uinto.

428 3545 452 3619 q
503 3619 591 3694 Hiis
622 3617 780 3707 testibus,
807 3618 1060 3716 Quikemanno
1084 3616 1128 3692 de
1154 3618 1253 3708 Bere,
1282 3618 1423 3719 Rogero
1451 3618 1497 3693 de
1522 3619 1635 3710 Bere;

423 3720 585 3813 Johanne
610 3721 741 3820 Sapen
765 3720 928 3813 Johanne
951 3721 997 3795 de
1021 3718 1239 3806 Evebroke3
1263 3718 1425 3811 Johanne
1449 3719 1494 3794 de
1519 3719 1635 3809 Bere;

428 3821 580 3896 Ricardo
612 3821 879 3919 Northbynne3
911 3821 1075 3916 Johanne
1115 3835 1171 3894 ate
1214 3819 1445 3910 Bakehouse;
1474 3819 1635 3914 Johanne

428 3923 558 4022 Copyn
573 3947 584 4013 3
610 3922 780 3998 Hamone
797 3923 956 4011 Sawere3
982 3937 1018 3996 et
1034 3919 1119 3994 aliis.

425 4329 534 4432 [131]
