3744 5296
798 443 972 520 DOVER
998 443 1275 521 CHARTERS

966 639 1114 726 XIX.

762 817 849 902 xxvj
873 818 1070 900 Februarii,
1091 831 1114 887 2
1134 817 1236 888 Educ.
1260 817 1327 886 111.

439 973 668 1048 vaauous
695 977 752 1050 dei
777 977 891 1076 gratia
917 978 994 1052 Rex
1023 975 1167 1078 Anglie,
1193 977 1373 1052 Dominus
1399 974 1589 1065 thernie,
1610 990 1647 1047 et

440 1077 527 1148 Dux
543 1077 749 1176 Aquitanie,
768 1077 951 1154 Omnibus
968 1080 1012 1155 ud
1037 1104 1130 1179 quos
1147 1093 1325 1178 presentes
1344 1076 1461 1152 littere
1477 1101 1647 1176 pervene-

441 1176 730 1252 rint-Salutem.
783 1179 1005 1278 Inspeximus
1027 1197 1159 1255 curtam
1184 1196 1341 1254 nostram
1367 1177 1647 1253 confirmacionis

441 1303 548 1377 quam
567 1303 679 1376 nuper
690 1279 757 1352 sub
770 1279 889 1381 sigillo
900 1307 975 1381 quo
991 1297 1078 1356 tunc
1087 1281 1277 1357 utebamur
1290 1279 1439 1355 fecimus
1450 1278 1648 1354 Batonibus

441 1378 601 1478 quinque
618 1395 790 1478 portuum
807 1397 1011 1458 nostrorum
1027 1383 1065 1457 in
1081 1384 1146 1457 hec
1163 1381 1279 1457 verbu.

518 1481 719 1555 Edwardus
744 1483 798 1555 dei
818 1487 941 1580 gracia
971 1486 1047 1559 Rea
1080 1483 1203 1583 Anglie
1231 1484 1394 1557 Dominus
1430 1481 1586 1556 Hibernie
1618 1497 1651 1552 et

445 1582 529 1656 Duc
546 1583 736 1681 Aquitanie
756 1585 915 1659 Omnibus
932 1587 981 1660 ad
993 1609 1068 1686 quos
1081 1603 1247 1683 presentes
1264 1587 1374 1659 littere
1385 1587 1649 1682 pervenerint—

443 1683 598 1758 Solutcm.
662 1685 868 1781 Inspeximus
895 1687 1022 1761 litteras
1047 1705 1193 1784 potentes
1220 1711 1303 1787 ques
1336 1686 1473 1760 celebris
1500 1687 1650 1758 memorie

444 1783 612 1957 Dorqinus
644 1786 687 1858 E.
719 1788 879 1883 quondam
909 1789 984 1862 Rex
1017 1789 1139 1888 Anglie
1168 1813 1258 1862 ovus
1280 1805 1388 1862 noster
1410 1787 1502 1884 fecit
1527 1789 1562 1860 in
1592 1785 1650 1858 hcc

442 1909 505 1958 vcr
526 1912 558 1958 a.

520 1986 719 2060 Edwardus
748 1987 801 2060 dci
825 1992 942 2086 gracia
973 1991 1055 2065 Rex
1086 1991 1211 2088 Anglie
1237 1990 1402 2065 Dominus
1430 1987 1592 2062 Hibernia
1621 2002 1653 2058 et

445 2087 529 2158 Dux
545 2089 941 2186 Aquitanie-Omnibus
966 2091 1016 2163 od
1036 2114 1113 2189 quos
1124 2108 1288 2188 presentes
1309 2090 1416 2163 littere
1434 2089 1653 2184 pervenerint

442 2188 649 2262 ..Salutem
695 2187 942 2265 Considerantes
959 2192 1048 2290 quod
1060 2194 1235 2290 navigium
1252 2209 1394 2264 nostrum
1412 2191 1552 2289 quinque
1569 2207 1651 2282 por-

444 2308 537 2364 tuum
555 2313 616 2362 non
632 2289 753 2389 absque
770 2294 899 2388 magnis
916 2293 1095 2389 sumptibus
1112 2310 1145 2365 et
1158 2294 1304 2387 expensis
1314 2292 1437 2386 poterit
1451 2290 1628 2363 sustentari
1637 2317 1650 2376 ;

443 2416 483 2463 nc
499 2392 671 2486 navigium
689 2392 777 2465 illud
788 2391 918 2482 deficiat
931 2394 990 2466 vel
999 2410 1117 2488 percat
1139 2395 1172 2466 in
1189 2392 1357 2489 ficmmm,
1376 2392 1577 2464 concessimus
1588 2407 1651 2485 pro

444 2491 535 2565 nobis
562 2509 594 2562 ct
620 2491 789 2567 heredibus
818 2495 933 2566 nostris
962 2494 1049 2591 quod
1069 2517 1172 2567 ornnes
1189 2494 1241 2566 illi
1264 2493 1305 2566 de
1349 2493 1467 2590 uinque
1489 2490 1651 2586 portubus

440 2593 605 2686 predictis,
623 2611 655 2665 et
675 2595 736 2666 alii
760 2597 946 2693 quicumque
965 2596 1161 2668 advocantes
1181 2619 1216 2668 se
1238 2593 1279 2666 de
1298 2520 1445 2666 lihertate
1469 2592 1650 2678 eorumden,

444 2709 477 2765 et
504 2693 579 2765 inde
600 2694 749 2791 gaudere
777 2696 927 2784 volentes,
958 2696 1174 2784 contribuant,
1204 2695 1357 2768 videlicet
1388 2693 1521 2792 quilibet
1544 2715 1652 2766 eorum

434 2795 538 2890 juxta
554 2793 731 2888 facultates
756 2819 833 2869 suas
858 2798 907 2869 od
918 2795 1072 2891 faciend'
1090 2797 1264 2869 servicium
1289 2811 1430 2869 nostmtm
1453 2794 1651 2868 etheredum

445 2911 625 2968 nostroncm
642 2896 682 2970 de
698 2896 842 2971 novibus
859 2900 932 2970 tuis
952 2922 1024 2971 cum
1049 2924 1071 2969 a
1096 2897 1187 2970 nobis
1204 2898 1264 2970 vel
1276 2894 1445 2970 heredibus
1462 2896 1580 2970 nostris
1596 2894 1653 2967 hoc

446 2997 624 3069 habuerint
649 2998 879 3073 immundatis.
934 2999 977 3072 In
1005 3000 1095 3096 cujus
1121 3001 1174 3071 rei
1201 3000 1414 3071 testimonium
1439 2998 1499 3069 hos
1525 2997 1651 3068 litteras

446 3113 568 3170 nostras
592 3097 673 3188 fieri
695 3099 833 3195 fecimus
859 3117 1015 3194 potentes.
1083 3101 1172 3173 Teste
1205 3125 1255 3174 me
1284 3102 1351 3195 t'pso
1380 3099 1475 3193 opud
1500 3099 1652 3170 Sanctum

446 3198 612 3272 Albanum
629 3201 781 3273 vicesimo
799 3217 910 3274 octavo
927 3201 980 3274 die
997 3201 1133 3296 Aprilis
1151 3226 1235 3274 anno
1261 3203 1353 3300 regni
1377 3201 1481 3273 nostri
1497 3199 1653 3272 vicesimo

445 3316 541 3373 sexta.

524 3399 597 3473 Nos
611 3419 719 3474 autem
737 3405 963 3476 concessionem
976 3403 1160 3499 predictam
1184 3419 1291 3475 ratam
1308 3400 1459 3475 habentes
1475 3417 1509 3473 et
1520 3415 1655 3498 gratam

448 3526 518 3574 eam
539 3521 604 3596 pro
632 3503 722 3576 nobis
750 3518 783 3574 et
809 3503 981 3578 heredibus
1003 3505 1127 3576 nostris
1149 3504 1345 3577 concedimus
1365 3519 1398 3575 et
1415 3501 1653 3592 confirmamus,

447 3608 530 3676 sicut
546 3603 649 3676 littere
658 3604 806 3699 predicte
819 3603 1059 3677 racionabiliitr
1075 3620 1246 3678 testantur.
1292 3604 1343 3677 Et
1365 3605 1444 3702 quio
1460 3601 1655 3697 supradictis

449 3703 561 3776 verbis
586 3705 798 3802 generalibus
828 3708 863 3779 in
889 3707 1046 3803 predictis
1071 3707 1188 3778 litteris
1213 3707 1374 3792 contentis,
1394 3704 1550 3776 videlicet
1573 3703 1660 3800 quod

449 3805 585 3903 quilibet
621 3807 826 3880 contribuant
856 3807 961 3903 juxta
989 3807 1165 3904 facultates
1202 3829 1276 3879 suas
1314 3822 1390 3879 onte
1417 3805 1474 3878 hcc
1507 3813 1656 3900 tempora

450 3907 662 3980 dissensiones
691 3909 790 3979 varie
828 3924 908 3981 sunt
938 3909 1076 3982 suborte.
1145 3906 1227 3996 Nos,
1255 3923 1293 3980 ut
1323 3907 1471 3979 Barones
1500 3923 1656 4003 portuum

445 4008 664 4104 predictontm
702 4011 885 4082 servicium
916 4008 1105 4103 predictum
1139 4009 1232 4080 nobis
1265 4025 1298 4080 et
1328 4006 1504 4081 heredibus
1540 4008 1657 4080 nostris

450 4109 645 4181 commodius
677 4109 797 4203 facere
830 4109 969 4183 valeant
996 4109 1198 4205 temporibus
1236 4109 1416 4206 oportunis,
1451 4107 1491 4180 dc
1523 4108 1658 4181 consilio

450 4209 653 4282 Prolatorum
683 4211 843 4284 Comitum
870 4229 903 4284 et
928 4212 1099 4284 Beronum
1129 4227 1325 4298 nostrorum,
1352 4233 1391 4282 ac
1419 4210 1657 4281 communitatis

451 4316 543 4407 regni
569 4315 674 4383 nostri
699 4315 733 4385 in
754 4315 900 4409 presenti
919 4315 1137 4409 parliamento
1165 4328 1274 4385 nostro
1299 4325 1556 4397 convocatorum,
1584 4333 1658 4382 con·
