3744 5296
433 493 481 565 70
792 468 968 542 DOVER
995 465 1270 541 CHARTERS

505 669 684 762 Johannes
710 667 838 743 Girold
865 669 910 742 de
936 671 1100 742 Dovorre
1116 667 1323 742 attachiatus
1340 666 1384 738 ad
1402 665 1638 765 respondend’

430 769 579 844 domino
622 768 771 842 Custodi
813 769 859 843 de
905 784 1114 866 contemptu
1156 768 1202 842 de
1244 781 1288 841 ‘eo
1325 767 1423 866 quod
1475 766 1639 841 arestavit

742 870 931 970 quamdam
949 895 1074 942 navem
1093 869 1232 944 Ricardi
1245 869 1398 941 Archier
1413 869 1458 942 de
1474 870 1640 941 Dovorra

437 971 558 1044 Girold
745 971 783 1044 in
810 969 893 1043 villa
908 972 954 1046 de
971 971 1096 1071 Caleys
1123 986 1283 1043 vocatam
1300 970 1352 1042 Le
1369 969 1559 1043 Lancastre
1575 994 1641 1067 pro

429 1090 615 1169 preceptum
632 1091 690 1145 est.
743 1087 840 1145 certo
896 1087 1077 1145 contracto
1121 1071 1158 1143 in
1203 1071 1314 1144 Portu
1349 1072 1514 1145 Dovorre
1544 1067 1641 1143 facto

744 1189 865 1246 contra
891 1173 1088 1248 libertatem
1115 1171 1274 1272 quinque
1303 1187 1471 1271 portuum
1502 1169 1573 1345 get]
1600 1170 1639 1242 in

433 1289 642 1372 contemptu
660 1272 830 1349 Custodia
846 1274 1026 1347 dictorum
1044 1289 1212 1372 portuum
1228 1271 1322 1345 unde
1333 1273 1450 1347 dictus
1462 1273 1508 1366 Jo
1535 1295 1640 1344 annes

434 1391 574 1449 tenetur
599 1375 697 1449 dicto
715 1374 865 1448 Custodi
893 1375 930 1448 in
957 1400 981 1447 x
1007 1374 1044 1448 li.
1073 1389 1110 1448 et
1135 1375 1203 1448 hoc
1230 1389 1399 1447 testatum
1425 1391 1478 1447 est
1503 1373 1560 1446 hic
1578 1397 1640 1472 per

434 1475 649 1549 Nicholaum
676 1475 876 1574 Eppeloun,
905 1475 1084 1576 Majorem
1111 1476 1156 1548 de
1189 1475 1383 1564 Sandwico,
1408 1474 1639 1548 Vincencium

435 1577 572 1665 ffinche,
592 1576 767 1651 Ballivum
784 1577 829 1650 de
846 1577 1071 1677 Wynchelse,
1097 1592 1134 1649 et
1160 1601 1223 1676 per
1250 1574 1478 1675 quamplures
1495 1573 1639 1676 quodsi

434 1703 496 1777 per
513 1679 651 1751 dictum
666 1678 866 1772 Johannem
881 1677 999 1752 taliter
1016 1693 1257 1777 perpetratum
1274 1675 1383 1750 fuerit
1399 1675 1499 1776 quod
1525 1676 1562 1748 in
1579 1673 1640 1748 tali

434 1803 515 1852 casu
545 1777 686 1852 custodi
716 1777 876 1878 quinque
906 1795 1079 1877 portuum
1108 1805 1131 1851 x
1161 1779 1196 1855 li.
1230 1777 1365 1851 solvere
1382 1793 1533 1850 tenetur.
1587 1777 1640 1851 Et

434 1904 541 1978 super
568 1880 636 1952 hoc
661 1877 824 1979 quesitus
853 1895 906 1952 est
937 1879 1056 1979 siquid
1072 1905 1139 1978 pro
1156 1905 1193 1952 se
1209 1879 1334 1952 habeat
1350 1879 1406 1953 vel
1423 1878 1538 1952 dicere
1555 1875 1640 1950 sciat

461 2004 545 2053 uare
560 1981 676 2055 dictos
693 2005 716 2052 x
731 1979 768 2056 li.
788 1980 930 2054 custodi
948 1981 1084 2053 solvere
1101 2005 1173 2053 non
1190 1980 1326 2055 debeat.
1378 1978 1453 2076 Qui
1480 1978 1580 2052 venit
1605 1993 1642 2050 et

435 2005 522 2155 dicit
535 2081 635 2180 quod
647 2080 781 2156 nullam
795 2107 920 2154 navem
933 2081 1098 2154 arestavit
1110 2082 1205 2179 apud
1219 2080 1344 2182 Caleys
1355 2096 1465 2179 prout
1479 2078 1642 2177 superius

438 2181 663 2280 supponitur.
715 2181 766 2254 Et
792 2182 860 2255 hoc
886 2199 1028 2282 paratus
1055 2198 1107 2255 est
1135 2183 1310 2256 verificare
1336 2180 1642 2282 qualitercumque

437 2281 547 2356 Curia
562 2282 844 2371 consideraverit,
860 2301 926 2356 etc.
980 2283 1065 2357 Ideo
1077 2283 1183 2358 datus
1195 2299 1248 2356 est
1260 2283 1292 2356 ei
1305 2283 1381 2356 dies
1392 2282 1438 2355 ad
1449 2282 1642 2355 Ecclesiam

436 2383 549 2456 Sancti
579 2383 700 2478 Jacobi
729 2384 775 2458 de
803 2387 972 2459 Dovorra
999 2384 1058 2457 die
1085 2383 1187 2478 Jovis
1214 2384 1378 2483 proximo
1403 2399 1485 2458 ante
1510 2380 1643 2456 festum

437 2483 552 2558 Sancti
570 2483 716 2585 Georgii
733 2485 887 2558 martiris
903 2484 1107 2584 proximum
1130 2483 1309 2558 futurum.
1361 2483 1412 2558 Et
1438 2501 1642 2584 preceptum

436 2600 491 2658 est
517 2583 650 2686 Majori
676 2601 712 2660 et
737 2585 874 2659 Ballivo
902 2589 1067 2660 Dovorre
1092 2587 1192 2685 quod
1218 2585 1339 2660 venire
1366 2584 1494 2660 faciant
1521 2599 1644 2658 contra

437 2685 540 2759 illum
557 2687 655 2762 diem
672 2685 732 2787 xij,
751 2703 831 2777 etc,
849 2686 913 2787 qui
931 2712 1005 2778 nec,
1023 2703 1092 2761 etc.

512 2861 691 2955 Johannes
707 2862 869 2953 Archier,
889 2887 1055 2978 querens,
1074 2864 1225 2962 opponit
1240 2889 1276 2937 se
1290 2891 1414 2940 versus
1427 2864 1640 2938 Nicholaum

438 2977 511 3037 atte
542 2963 662 3052 Halle,
693 2988 805 3060 nuper
834 2965 1013 3063 Majorem
1042 2981 1170 3062 portus
1197 2967 1369 3056 Dovorre‚
1403 2982 1439 3038 et
1456 2965 1645 3063 complices

438 3063 596 3163 ejusdem
624 3063 788 3136 Nicholai
815 3079 903 3138 tunc
924 3065 1063 3164 juratos
1091 3065 1184 3138 dicte
1211 3066 1303 3157 ville,
1336 3083 1444 3166 prout
1470 3081 1567 3165 patet
1582 3090 1644 3164 per

439 3164 629 3264 quamdam
648 3163 767 3237 billam
783 3164 896 3262 ipsius
911 3165 1082 3259 Johannis
1108 3167 1153 3240 de
1179 3165 1270 3242 falso
1290 3167 1429 3269 judicio
1458 3193 1520 3266 per
1550 3167 1645 3264 ipsos

439 3264 476 3337 in
495 3282 602 3363 portu
620 3265 780 3364 predicto
796 3281 920 3339 contra
934 3266 1073 3341 dictum
1087 3267 1285 3360 Johannem
1305 3294 1418 3367 nuper
1434 3267 1585 3360 reddito,
1609 3268 1646 3339 in

767 3391 873 3466 grave
897 3383 1143 3465 contemptum
1159 3369 1295 3442 domini
1322 3370 1441 3470 Regis,
1469 3387 1504 3444 et
1521 3371 1647 3466 damp-

442 3465 638 3560 Preceptum
658 3483 716 3539 est.
768 3492 856 3540 num
883 3467 994 3565 ipsius
1019 3469 1190 3562 Johannis
1214 3488 1358 3546 centum
1382 3471 1565 3560 librarum,
1578 3485 1644 3545 ete

768 3567 818 3640 Et
847 3568 1026 3665 predictus
1055 3570 1252 3644 Nicholaus
1281 3587 1317 3646 et
1347 3571 1404 3645 alii
1432 3572 1582 3645 veniunt
1611 3588 1647 3643 et

441 3664 650 3756 defendunt,
678 3681 756 3758 etc.,
792 3683 828 3740 et
860 3667 985 3742 dicunt
1012 3669 1112 3769 quod
1138 3671 1279 3745 nullum
1306 3670 1435 3746 falsum
1465 3671 1646 3773 judicium

440 3783 550 3866 prout
562 3768 681 3842 dictus
692 3768 870 3861 Johannes
883 3771 1005 3843 asserit
1023 3797 1085 3867 per
1103 3771 1220 3869 ipsos*
1232 3773 1339 3847 exstit
1352 3774 1545 3848 redditum.
1597 3772 1648 3844 Et

441 3869 508 3941 hoc
525 3884 652 3966 petunt
669 3869 768 3968 quod
786 3869 986 3943 verificetur
1003 3871 1309 3974 qualitercumque
1334 3874 1442 3948 Curia
1467 3873 1647 3947 consider-

441 3969 576 4044 averit:
612 3969 698 4043 ldeo
716 3986 919 4068 preceptum
938 3990 991 4045 est
1010 3973 1142 4072 Majori
1156 3991 1191 4048 et
1208 3974 1346 4049 Ballivo
1365 3977 1531 4050 Dovorre
1547 3975 1647 4075 quod

441 4070 591 4144 habeant
608 4071 795 4145 recordum
812 4087 847 4144 et
864 4097 1065 4170 processum
1082 4073 1167 4147 dicti
1179 4075 1307 4176 judicii
1326 4102 1408 4150 cum
1425 4076 1591 4149 omnibus
1607 4101 1649 4148 ea

692 4171 918 4271 tangentibus
939 4173 1006 4246 sub
1024 4173 1147 4274 sigillis
1159 4201 1295 4266 eorum,
1308 4193 1344 4250 et
1358 4177 1481 4293 sigillis
1494 4192 1648 4277 quatuor

441 4271 637 4347 Recordum.
691 4270 858 4372 legalium
875 4274 1062 4349 hominum
1079 4277 1141 4376 qui
1159 4279 1307 4352 recordo
1324 4279 1376 4352 illi
1395 4276 1647 4367 interfuerunt,

692 4373 734 4448 ad
746 4374 944 4472 proximam
953 4377 1171 4476 Shipweyam
1181 4396 1222 4453 ut
1232 4380 1350 4454 habita
1359 4378 1649 4480 indeinspexione

1839 494 1844 677 l
