3728 5258
816 452 997 528 DOVER
1024 455 1305 530 CHARTERS

1037 655 1083 733 L.

835 845 858 891 v
876 813 1046 908 augusti,
1065 823 1087 891 6
1107 825 1200 894 Heu.
1226 827 1286 894 IV.

458 985 607 1056 Semur
624 997 801 1079 presentes
813 997 848 1053 et
866 979 980 1054 futuri
998 981 1098 1080 quod
1112 1007 1188 1070 nos,
1206 981 1366 1056 Thomas
1384 984 1520 1084 Herry,
1535 984 1666 1056 Rector

455 1083 596 1156 ecclesie
612 1083 729 1158 Sancti
745 1081 908 1156 Nicholai
922 1081 1101 1171 Dovorre,
1119 1098 1156 1156 et
1171 1083 1348 1178 Johannes
1362 1085 1524 1184 Boydyn,
1542 1085 1665 1182 pistor,

457 1184 621 1259 dedimus
646 1184 880 1258 concessimus
896 1198 943 1273 et,
961 1183 1025 1256 hac
1051 1184 1202 1281 presenti
1220 1200 1314 1258 carta
1331 1202 1462 1274 nostra,
1481 1187 1666 1259 confirma-

456 1286 574 1360 vimus
599 1286 740 1358 Thome
766 1301 821 1358 ate
847 1285 1010 1358 Crouche
1035 1284 1079 1358 de
1106 1284 1284 1374 Dovorra,
1309 1301 1344 1359 et
1370 1287 1545 1381 Johanne,
1562 1287 1665 1360 uxori

456 1387 545 1487 ejus,
576 1412 688 1460 unum
715 1386 905 1486 gardinum
934 1401 1027 1458 terre
1050 1411 1131 1458 cum
1160 1385 1300 1460 duabus
1327 1386 1493 1461 domibus
1517 1389 1667 1485 desuper

457 1486 683 1586 astant[ibus,
702 1511 784 1560 cum
810 1486 976 1560 omnibus
1000 1487 1090 1584 suis]
1119 1486 1354 1586 pertinenciis,
1374 1488 1550 1589 jacentem
1576 1487 1667 1562 infra

457 1588 652 1662 libertatem
687 1603 813 1686 portus
856 1589 1022 1662 Dovorre
1053 1589 1089 1660 in
1123 1586 1362 1678 Bulleswarde,
1397 1589 1492 1662 inter
1534 1590 1665 1690 regiam

456 1706 599 1763 stratam
617 1705 653 1762 et
669 1705 800 1762 terram
818 1688 915 1762 Petri
934 1687 1035 1761 Liefe
1052 1713 1175 1761 versus
1191 1690 1402 1778 southeastc,
1418 1706 1454 1764 et
1471 1706 1666 1764 torrentem

461 1791 586 1890 [Regis
610 1815 732 1866 versus
758 1805 863 1862 weste
910 1790 997 1887 )et]
1027 1791 1248 1879 northweste‚
1267 1808 1304 1863 et
1329 1807 1459 1864 terram
1485 1793 1554 1864 mei
1580 1791 1665 1866 dicti

892 1791 904 1844 r

458 1892 613 1981 Thome,
646 1909 682 1964 et
717 1906 844 1963 terram
873 1788 1024 1964 ituberti
1051 1890 1205 1966 Glovare
1239 1915 1360 1966 versus
1387 1893 1601 1982 northeaste,
1631 1910 1666 1965 et

458 1993 549 2067 iuter
566 2009 696 2065 terram
713 1992 857 2065 Thome
874 1991 993 2064 Lorde
1015 2007 1051 2064 et
1068 2007 1197 2064 terram
1214 1991 1356 2066 Thome
1379 1993 1522 2092 Geffray
1544 2019 1667 2068 versus

458 2094 704 2192 south[weste,
722 2093 837 2192 quod]
857 2093 1002 2192 quidem
1025 2093 1213 2190 gardinum
1230 2109 1321 2166 terre
1346 2119 1460 2193 nuper
1482 2095 1667 2168 habuimus

458 2195 503 2268 de
520 2196 618 2268 dono
634 2210 671 2267 et
689 2193 917 2266 ffeofamento
932 2193 1104 2288 Johuunis
1121 2193 1250 2290 Gayler
1267 2221 1275 2267 :
1303 2194 1454 2270 habeud’
1471 2212 1506 2270 et
1524 2196 1666 2270 tenend’

459 2296 595 2370 dictum
623 2295 810 2394 gardinum
841 2310 935 2367 terre
962 2319 1045 2366 cum
1074 2294 1240 2368 domibus
1270 2319 1374 2393 super
1401 2295 1595 2370 astantibus
1614 2297 1667 2395 [et

459 2396 559 2494 cum]
596 2397 667 2470 suis
710 2395 931 2493 pertinenciis
973 2393 1116 2492 prefatis
1149 2396 1292 2468 Thome
1334 2413 1390 2470 ate
1424 2398 1587 2472 Crouche
1629 2413 1666 2470 et

458 2498 620 2592 Johanne
653 2521 714 2569 sue
748 2495 849 2569 uxori
878 2495 1066 2570 heredibus
1098 2511 1134 2568 et
1167 2496 1349 2596 assignatis
1382 2498 1492 2596 ipsius
1524 2499 1667 2572 Thome

459 2599 750 2698 imperpetuum:
778 2595 938 2670 ffaciend'
968 2597 1051 2670 inde
1081 2597 1268 2672 servicium
1296 2597 1432 2672 domiui
1463 2600 1556 2700 regis
1585 2625 1668 2673 cum

459 2699 622 2772 acciderit
672 2697 867 2771 secundum
912 2699 1205 2772 consuetudinem
1240 2716 1365 2796 portus
1407 2700 1556 2799 predicti
1601 2725 1668 2800 pro

459 2799 625 2874 omnibus
649 2799 726 2872 aliis
749 2797 905 2872 serviciis
928 2815 964 2872 et
989 2799 1195 2874 demandis:
1222 2817 1259 2873 et
1284 2824 1349 2872 nos
1365 2802 1526 2874 Thomas
1544 2801 1668 2901 Herry

458 2918 494 2974 ct
510 2901 689 2996 Johannes
705 2899 871 2974 antedicti
881 2915 917 2972 et
935 2901 1079 2975 heredes
1096 2899 1208 2974 nostri
1221 2899 1457 3001 [predictum]
1475 2903 1666 3001 gardinum

459 3019 551 3076 terre
576 3026 657 3075 cum
684 3001 787 3075 dietis
813 3000 980 3074 domibus
996 3027 1103 3100 super
1127 3000 1322 3075 astantibus
1347 3018 1383 3075 et
1400 3002 1568 3076 omnibus
1592 3003 1668 3076 aliis

459 3105 532 3176 suis
557 3101 782 3201 pertinenciis
798 3102 940 3176 Thome
964 3119 1019 3175 ate
1045 3101 1207 3176 Crouche
1232 3119 1268 3175 et
1290 3103 1453 3198 Johanne
1478 3129 1540 3178 sue
1567 3105 1667 3177 uxori

458 3205 667 3302 supradictis
683 3201 890 3302 here[dibus
905 3219 940 3275 et
963 3203 1163 3303 assignatis]
1191 3202 1349 3303 ejusdem
1366 3204 1518 3294 Thome,
1547 3221 1670 3278 contra

459 3330 583 3379 omnes
598 3321 721 3404 gentes
737 3302 1041 3378 warantizabimus
1057 3305 1332 3402 imperpetuum.

536 3407 577 3477 In
612 3405 714 3504 eujus
747 3404 797 3476 rei
832 3403 1077 3477 testimonium
1112 3405 1194 3477 huic
1228 3406 1380 3503 presenti
1415 3423 1508 3480 carte
1547 3423 1666 3480 nostre

445 3507 573 3605 ¹sigilla
591 3521 710 3578 nostra
725 3505 966 3602 apposuimus.

536 3606 632 3679 Data
664 3604 829 3678 Dovorra
860 3605 989 3704 quinto
1017 3605 1075 3678 die
1108 3607 1265 3706 Augusti
1298 3633 1393 3680 anno
1427 3609 1526 3708 regni
1562 3608 1669 3708 Regis

462 3705 627 3795 Henrici,
643 3706 761 3805 quarti
773 3721 861 3804 post
877 3723 1112 3805 conquestum
1130 3709 1262 3806 Anglie
1278 3725 1388 3783 sexto.

527 3806 615 3880 Hiis
639 3807 813 3880 testibus:
844 3807 1006 3900 Johanne
1034 3807 1160 3897 Strete,
1186 3826 1273 3882 tunc
1304 3809 1445 3912 Majore
1471 3810 1667 3898 Dovorre;

459 3908 619 4004 Johanne
636 3907 807 3996 A'lkham,
820 3924 998 3982 attornato
1015 3907 1139 3981 Ballivi
1158 3933 1168 3996 ;
1186 3910 1328 3982 Thoma
1344 3911 1465 3985 Lorde
1480 3939 1490 4002 ;
1507 3912 1669 4005 Johanne

460 4011 646 4096 Gartone;
672 4008 833 4103 Johanne
860 4008 1033 4106 Robyne;
1060 4010 1204 4082 Thoma
1228 4009 1397 4107 Geffray3
1424 4013 1534 4084 Petro
1560 4010 1646 4083 Lief
1657 4035 1667 4098 ;

459 4109 644 4183 Willelmo
663 4109 896 4197 Middleton3
925 4110 1075 4184 Ricardo
1094 4111 1295 4197 Sedenore;
1321 4128 1356 4184 et
1379 4109 1463 4186 aliis.

463 4411 609 4511 [188·3]
