3702 5254
444 377 514 470 328
807 373 987 448 oovcn
1013 371 1291 447 cHAurcns

952 575 996 656 X
1011 575 1097 654 CV
1110 575 1142 654 l.

684 750 748 832 xxj
772 747 996 830 Novembris,
1017 765 1113 814 anuo
1132 747 1154 813 8
1177 747 1269 815 Heu
1292 747 1393 814 v111.

714 907 756 978 In
774 905 894 978 Ranclo
915 907 1133 999 Campanorum
1151 905 1190 976 de
1207 903 1376 978 Subsidiis.

441 1082 646 1177 Jorsnuucs
663 1082 821 1156 Portos
839 1082 885 1157 de
902 1081 1157 1180 Birchyngton
1175 1081 1212 1154 in
1237 1081 1422 1155 Comitetu
1450 1081 1595 1170 Kancie,
1612 1096 1649 1152 et

792 1182 995 1256 Willelmus
1029 1183 1239 1281 Haneyoye‚
1276 1183 1492 1256 Collectores
1528 1181 1649 1254 cu'us-

442 1285 603 1358 Parochie
631 1285 743 1360 Sancti
792 1285 875 1358 dam
909 1283 1063 1358 subsidii
1090 1284 1160 1400 vjd.
1193 1285 1237 1358 de
1262 1283 1351 1356 libra
1383 1284 1532 1358 domino
1559 1207 1649 1382 legi

440 1387 607 1474 Iohannis,
627 1387 739 1459 Sancti
790 1410 885 1458 nunc
903 1385 1065 1459 Henrico
1083 1385 1185 1486 vrijn,
1213 1409 1232 1456 a
1257 1385 1347 1458 laico
1363 1411 1456 1458 anno
1472 1385 1575 1484 regni
1591 1384 1647 1456 sui

442 1486 548 1576 Petri,
582 1505 613 1558 et
647 1487 738 1582 Byr·
789 1487 875 1588 vij¹⁰⁰
889 1487 1056 1573 concessi,
1085 1485 1236 1574 levand',
1264 1503 1300 1558 et
1330 1485 1519 1586 colligend’
1539 1485 1650 1557 modo

441 1589 596 1684 chyngtan
648 1589 739 1684 infra
789 1604 826 1660 et
855 1587 983 1660 fforma
1012 1604 1121 1686 prout
1151 1589 1187 1660 in
1246 1587 1377 1662 uodnm
1406 1603 1486 1661 ectu
1517 1585 1649 1659 Porlia-

444 1689 659 1762 Hundrndrrm
702 1689 741 1761 dc
793 1689 902 1762 menti
920 1689 1003 1762 inde
1020 1689 1119 1762 edito
1134 1613 1352 1788 specibcatis,
1369 1691 1413 1763 de
1429 1687 1535 1761 terris
1552 1703 1650 1760 tene-

442 1791 661 1886 Ryngeslowe
700 1816 741 1862 ac
790 1789 918 1862 mentis
946 1789 1048 1862 bonis
1074 1807 1110 1863 et
1137 1789 1269 1864 catallis
1296 1791 1527 1864 dominorum
1551 1812 1650 1887 mog-

441 1891 653 1963 Parachic
693 1892 742 1963 de
793 1906 917 1964 natum
943 1906 979 1964 et
1008 1891 1320 1966 Communitatum
1348 1888 1441 1964 infra
1463 1889 1650 1964 Parochias

446 1991 598 2064 Walmer
612 1990 698 2064 Delo
711 2010 743 2063 et
790 1991 905 2064 Sancti
918 1992 1101 2086 johannis,
1110 1992 1225 2065 Sancti
1240 1991 1349 2081 Petri,
1359 2008 1395 2066 et
1406 1992 1648 2090 Birchyngton

444 2090 653 2188 Kyngesdoun
684 2095 740 2164 in·
790 2089 882 2165 infra
937 2091 1165 2166 hundredum
1220 2093 1265 2166 de
1321 2092 1567 2192 Ryngeslowe,
1609 2117 1649 2164 ac

432 2193 495 2288 fra
524 2191 738 2266 Hundredum
791 2193 972 2292 parochias
1007 2193 1051 2266 de
1085 2193 1246 2267 Wslmer
1280 2192 1369 2266 Dcle
1408 2210 1445 2266 et
1482 2194 1650 2292 Kynges·

440 2293 481 2364 de
527 2293 665 2366 Camila
707 2297 741 2365 in
791 2296 891 2368 doun
933 2292 1025 2366 infra
1069 2294 1297 2368 hundredum
1335 2295 1380 2368 de
1418 2294 1577 2369 Cormilo
1611 2295 1648 2364 in

444 2392 610 2468 Comitatu
647 2392 742 2466 Kan·
794 2393 979 2467 Comitatu
998 2396 1142 2486 Kancie,
1164 2395 1215 2469 Et
1232 2395 1275 2470 sd
1295 2395 1521 2496 Re[ccptarn]
1542 2395 1651 2496 hujus

443 2495 499 2568 cie.
790 2495 954 2568 Scsccarii
980 2495 1076 2596 xxjmo
1108 2497 1165 2570 die
1195 2495 1412 2570 Novembris
1441 2523 1534 2570 anno
1560 2495 1652 2596 viij'⁰

793 2595 941 2694 predicti
966 2597 1103 2670 domini
1130 2597 1236 2696 Regis
1255 2622 1349 2671 nunc
1366 2599 1536 2686 solvend',
1560 2598 1650 2672 sicut

442 2710 663 2788 contentum,
691 2712 764 2770 tarn
791 2697 828 2770 in
847 2723 917 2771 una
934 2713 1031 2797 parte
1048 2698 1271 2798 quarundam
1288 2697 1561 2774 indenturarum
1588 2725 1651 2798 per

441 2797 621 2892 Johannes
646 2795 787 2870 ffennex
813 2798 959 2872 militem
984 2815 1020 2872 ct
1046 2799 1132 2872 alios
1158 2798 1488 2874 Commissionarios
1512 2800 1650 2874 domini

444 2898 553 2996 Regis
569 2898 606 2969 in
624 2897 687 2970 hac
704 2915 813 2996 parte,
832 2900 868 2972 in
886 2899 1056 2974 comitatu
1074 2899 1233 2998 predicto
1246 2899 1392 3000 prefatis
1404 2901 1651 2976 collectoribus

443 3000 525 3073 inde
558 2999 784 3092 directarum,
819 3025 927 3100 quam
962 3025 1023 3098 per
1056 3001 1160 3074 aliam
1195 3017 1331 3099 partem
1369 3003 1561 3076 earundem
1596 3005 1650 3076 in·

443 3101 674 3174 denturarum
710 3125 772 3199 per
798 3099 951 3200 prefatos
981 3100 1312 3176 Commissionarios
1344 3102 1580 3177 Thesaurario
1614 3121 1650 3177 et

443 3200 640 3273 Beronibus
678 3201 785 3302 hujus
821 3201 985 3276 scaccarii
1026 3201 1291 3276 testificatarum
1333 3219 1369 3277 et
1409 3203 1648 3285 liberatarum.

443 3302 617 3375 Reddunt
643 3316 851 3400 compotum
878 3303 1016 3376 dclxx.
1042 3303 1140 3376 libris
1165 3305 1237 3378 xvi.
1261 3304 1395 3396 solidis,
1413 3305 1588 3398 videlicet,
1605 3307 1650 3380 de

442 3401 540 3475 dicto
556 3401 725 3489 subsidio,
746 3403 782 3475 in
800 3403 974 3500 parochiis
990 3420 1025 3477 et
1043 3405 1238 3480 hundredis
1254 3406 1432 3505 predictis,
1449 3407 1487 3478 in
1509 3407 1649 3480 thesau-

443 3527 524 3575 rum
553 3501 634 3578 lxix.
665 3500 710 3578 lb.
741 3503 819 3578 xxd.
850 3503 887 3576 in
915 3503 937 3604 ij
968 3506 1084 3594 talliis,
1111 3531 1150 3580 oc
1183 3508 1344 3580 solutum
1374 3507 1483 3580 eciam
1517 3508 1649 3582 eisdem

443 3601 699 3692 collectoribus,
716 3620 791 3678 tarn
833 3629 875 3678 ro
892 3603 1010 3680 ffeodo
1027 3631 1104 3700 suo,
1122 3631 1228 3705 quam
1251 3632 1317 3706 pro
1334 3607 1453 3684 ffeodo
1471 3608 1649 3683 Commis-

443 3703 677 3776 sionariorum
703 3722 740 3778 et
765 3630 1113 3799 subcofferariorum,
1141 3708 1186 3781 de
1220 3726 1294 3782 rata
1327 3708 1395 3810 vjd.
1432 3711 1477 3783 de
1511 3709 1649 3782 libra—

442 3805 576 3877 xxxivs.
603 3804 700 3905 iiijd„
713 3805 819 3907 juxta
849 3807 1012 3882 fformam
1037 3826 1073 3881 et
1098 3807 1264 3882 effectum
1288 3827 1386 3882 actus
1415 3811 1650 3884 concessionis

440 3904 588 3980 subsidii
607 3907 766 4004 predicti.

858 4007 982 4081 Eciam
1000 4009 1109 4108 quieti
1128 4027 1219 4084 sunt.

439 4207 545 4307 [151]
