3748 5266
449 473 523 548 270
808 451 984 525 DOVER
1011 451 1288 524 CHARTERS

903 751 995 832 LX
1008 753 1052 830 X
1065 752 1161 832 XV
1174 751 1204 830 1.

793 927 851 1011 viij
873 929 1042 1012 Augusti,
1067 929 1106 994 18
1127 927 1227 995 Edw.
1252 928 1310 995 1v.

448 1086 595 1158 Scrnnr
621 1100 799 1182 presentes
822 1102 858 1160 et
884 1084 997 1160 futuri
1023 1085 1122 1186 quod
1148 1111 1213 1158 nos
1236 1085 1432 1184 Stephanus
1457 1088 1606 1175 Axsted,
1623 1103 1660 1161 et

449 1186 615 1276 cristina,
634 1211 723 1260 uxor
741 1211 830 1276 mea,
848 1186 894 1260 de
911 1188 1087 1274 Dovorra,
1107 1187 1271 1262 dedimus
1291 1188 1527 1262 concessimus
1542 1204 1580 1262 et
1597 1189 1660 1261 hac

449 1287 601 1386 presenti
619 1303 713 1361 carta
739 1304 858 1361 nostra
882 1288 1172 1362 confirmavimus
1193 1289 1336 1361 Thome
1354 1289 1502 1377 Gerves‚
1521 1289 1660 1378 bochir,

448 1405 484 1462 et
500 1389 673 1483 Johanne,
691 1389 793 1462 uxori
811 1388 899 1489 ejus,
916 1415 1028 1464 unum
1045 1406 1290 1464 tenementum
1308 1415 1389 1463 cum
1405 1390 1557 1491 gardino
1577 1415 1661 1464 cum

448 1490 521 1563 suis
547 1490 770 1590 pertinenciis
795 1490 966 1564 situatum
993 1489 1085 1564 infra
1110 1489 1310 1565 libertatem
1340 1491 1471 1566 Portus
1495 1493 1662 1566 Dovorre

449 1591 606 1690 predicte
647 1593 684 1665 in
728 1590 1008 1681 Werstonward,
1050 1591 1224 1690 capitand’
1267 1617 1373 1692 super
1416 1609 1659 1667 tenementum

449 1692 592 1766 Thome
608 1692 719 1788 Tolay
736 1716 857 1764 versus
881 1709 967 1780 esst,
983 1709 1020 1766 et
1044 1719 1150 1793 super
1168 1692 1314 1794 Regiam
1341 1695 1513 1768 venellam
1538 1719 1662 1768 versus

448 1810 546 1882 west,
558 1792 726 1867 laterand'
736 1819 842 1892 super
850 1819 997 1868 vacuam
1007 1795 1160 1894 placeam
1171 1795 1311 1869 Ricardi
1321 1796 1478 1896 Grygge,
1489 1793 1661 1885 defuncti,

450 1921 572 1968 versus
590 1893 708 1982 north,
726 1910 761 1967 et
779 1894 968 1994 gardinum
985 1920 1098 1994 nuper
1113 1895 1266 1970 Simonis
1279 1896 1374 1996 Page
1391 1921 1513 1971 versus
1528 1898 1633 1970 south
1650 1925 1659 1969 :

449 1995 599 2069 habend’
615 2010 652 2068 et
669 1995 810 2068 tenend'
828 1995 1028 2092 predictum
1054 2013 1297 2071 tenementum
1314 2023 1396 2070 cum
1413 1997 1563 2098 gardino
1578 2023 1662 2071 cum

449 2096 521 2169 suis
554 2095 780 2194 pertinenciis
810 2095 954 2195 prefatis
987 2097 1130 2171 Tbome
1163 2113 1198 2170 et
1230 2099 1403 2192 Johanne,
1436 2099 1537 2173 uxori
1572 2099 1661 2200 ejus,

452 2197 639 2271 heredibus
671 2212 708 2269 et
738 2196 921 2297 assignatis
949 2197 1022 2270 suis
1051 2197 1338 2297 imperpetuum:
1385 2199 1545 2273 ll'aciend’
1579 2200 1662 2273 inde

450 2297 638 2372 servicium
663 2297 800 2370 domini
827 2298 938 2372 nostri
965 2299 1073 2399 Regis
1089 2325 1170 2374 cum
1191 2301 1355 2376 acciderit
1371 2317 1408 2374 et
1432 2301 1664 2375 nihilominus

451 2397 657 2497 capitalibus
673 2399 828 2472 dominis
845 2397 940 2474 feodi
959 2425 1021 2498 per
1036 2400 1183 2474 servicia
1199 2401 1282 2475 inde
1309 2401 1428 2476 debita
1451 2419 1488 2477 et
1513 2403 1559 2476 de
1578 2401 1662 2502 jure

452 2517 648 2574 consueta:
676 2517 712 2573 et
731 2525 796 2574 nos
819 2525 905 2573 vero
929 2501 1079 2599 predicti
1105 2502 1301 2600 Stephanus
1325 2519 1361 2575 et
1379 2503 1545 2590 Cristina,
1572 2528 1662 2576 uxor

453 2626 541 2690 mea,
559 2626 598 2674 ac
615 2601 761 2675 heredes
779 2602 891 2675 nostri
909 2602 1110 2699 predictum
1135 2619 1379 2678 tenementum
1404 2628 1487 2678 curn
1512 2605 1663 2704 gardino

452 2727 535 2776 cum
558 2702 630 2776 suis
647 2701 873 2801 pertinenciis
886 2702 1030 2802 prefatis
1046 2704 1191 2778 Thome
1210 2721 1246 2778 et
1262 2705 1435 2798 Johanne,
1454 2707 1556 2778 uxori
1574 2705 1661 2806 ejus,

453 2820 577 2876 eontra
593 2828 715 2877 omnes
731 2819 854 2904 gentes
870 2805 1178 2878 warantizabimus
1194 2806 1468 2906 imperpetuum.

529 2905 570 2976 ln
605 2904 705 3005 cujus
737 2906 788 2977 rei
823 2905 1068 2980 testimonium
1103 2906 1185 2978 huic
1227 2908 1380 3004 presenti
1415 2923 1508 2981 carte
1543 2923 1661 2980 nostre

452 3004 567 3105 sigilla
584 3022 704 3079 nostra
723 3007 961 3104 apposuimus.

529 3107 623 3182 Data
638 3106 731 3206 apud
750 3110 951 3181 Dovorram
969 3108 1162 3206 predictam
1180 3124 1307 3181 octavo
1323 3107 1380 3181 die
1397 3110 1552 3208 Augusti
1571 3135 1663 3182 anno

453 3209 553 3308 regni
571 3209 678 3308 Regis
690 3207 871 3295 Edwardi‚
888 3207 1005 3307 quarti
1018 3224 1099 3306 post
1116 3225 1349 3308 conquestum
1367 3210 1508 3309 Anglie,
1525 3211 1664 3284 decimo

453 3325 590 3382 octavo.

531 3409 605 3482 His
630 3408 802 3482 testibus:
831 3407 975 3481 Thoma
999 3409 1169 3500 Exstalle,
1196 3427 1281 3484 tunc
1308 3411 1449 3512 Majore
1474 3413 1558 3484 ville
1585 3437 1665 3510 pre-

454 3511 575 3600 dicte3
602 3510 754 3583 Ricardo
782 3507 968 3595 Palmere3
1011 3511 1153 3584 Thoma
1179 3509 1320 3599 ffoche;
1356 3513 1499 3586 Thoma
1527 3513 1662 3610 Toky3

456 3609 612 3684 Roberto
628 3611 743 3684 Lucas
760 3634 771 3697 3
797 3609 941 3683 Thoma
958 3611 1147 3708 Rymour;
1173 3627 1209 3684 et
1226 3611 1311 3686 aliis.
