3702 5254
441 497 514 569 344
800 469 980 544 uovnn
1007 469 1284 544 cernamus

1010 770 1092 853 cl.

784 946 873 1028 xxiij
895 945 1005 1027 Junii,
1026 960 1067 1028 34
1089 946 1182 1012 Heu.
1204 944 1305 1011 vlu.

440 1105 613 1177 Passeris
643 1105 831 1179 indentura
856 1118 1004 1177 testatur
1032 1102 1130 1202 quod
1161 1103 1323 1175 Thomas
1352 1101 1495 1200 ffoxley,
1528 1101 1650 1174 Ma'or

440 1205 521 1280 ville
550 1231 590 1278 ac
613 1206 746 1280 Portus
768 1204 1136 1299 DovorreJohannes
1158 1201 1302 1300 Tayler,
1321 1202 1500 1276 Robertus
1520 1127 1648 1291 Geiles,

438 1306 617 1402 johannes
651 1307 776 1394 Owen,
807 1324 843 1379 et
872 1306 1042 1378 Ricardus
1071 1306 1208 1393 Cooke‚
1236 1304 1413 1378 Custodes
1443 1305 1535 1378 dicte
1566 1305 1649 1376 ville

440 1407 597 1480 unanimi
621 1431 762 1480 assensu
785 1423 820 1479 et
846 1431 1021 1480 concensu
1048 1407 1163 1478 tocius
1184 1405 1461 1478 Communitatis
1491 1405 1648 1505 ejusdem

440 1508 535 1597 ville,
553 1509 775 1583 tradiderunt
793 1524 1039 1582 concesserunt
1055 1523 1091 1579 et
1109 1507 1153 1580 ad
1170 1505 1270 1578 feodi
1286 1506 1423 1578 firmam
1440 1507 1650 1580 dimiserunt

442 1609 602 1683 Roberto
622 1609 748 1707 Upton
788 1609 938 1682 uandam
956 1609 1110 1706 placeam
1128 1625 1221 1680 terre
1237 1632 1318 1680 cum
1335 1609 1407 1680 suis
1426 1607 1651 1704 pertinenciis

435 1712 610 1811 jacentem
645 1709 737 1784 infra
761 1635 968 1783 libertatem
999 1709 1129 1782 Portus
1154 1710 1319 1781 Dovorre
1344 1708 1380 1781 in
1411 1706 1492 1806 [left
1521 1707 1647 1806 blank]

441 1811 567 1901 warde,
585 1812 677 1885 inter
695 1812 844 1910 Regiam
870 1827 1013 1884 stratam
1038 1835 1161 1882 versus
1187 1809 1393 1898 northwest,
1410 1826 1540 1882 terram
1563 1809 1650 1882 dicti

444 1911 589 1986 Roberti
617 1912 757 2011 Upton‚
785 1911 967 2012 quondam
999 1911 1142 1985 Ricardi
1170 1909 1328 1999 Couche,
1355 1935 1399 1982 ex
1421 1911 1504 2010 jure
1528 1912 1649 1982 uxoris

441 2015 526 2102 e’us,
558 2038 680 2087 versus
708 2014 813 2087 south
844 2012 1022 2086 southeast
1050 2029 1087 2085 et
1116 2027 1201 2086 vvest
1226 2011 1430 2100 southwest,
1459 2027 1495 2084 et
1520 2029 1649 2084 terram

442 2039 583 2187 llomus
612 2114 683 2186 Dei
714 2117 880 2188 Dovorre
909 2114 1093 2186 northest:
1136 2113 1305 2185 unravu’
1331 2128 1367 2184 ct
1396 2111 1538 2186 tenend'
1568 2135 1649 2208 pre-

441 2215 572 2288 dictam
590 2216 743 2312 placeam
762 2232 853 2287 terre
866 2239 948 2287 cum
966 2214 1042 2288 suis
1059 2211 1316 2314 p[ertinenciis]
1335 2211 1473 2311 prefato
1491 2211 1649 2285 Roberto

443 2315 583 2412 Upton‚
608 2314 795 2389 heredibus
819 2333 856 2388 et
878 2315 1062 2414 assignatis
1084 2315 1157 2386 suis
1182 2314 1470 2412 imperpetuum:
1499 2311 1646 2387 faciend’

443 2416 526 2490 inde
568 2417 756 2490 servicium
798 2415 935 2490 domini
980 2415 1088 2514 Regis
1128 2416 1324 2489 secundum
1358 2415 1651 2488 consuetudinem

443 2533 569 2616 portus
586 2517 734 2615 predicti
761 2543 843 2590 cum
867 2515 1055 2590 acciderit:
1083 2515 1135 2614 e[t
1157 2516 1343 2613 red]dend'
1362 2515 1444 2588 inde
1469 2515 1651 2588 annuatim

445 2617 577 2718 Majori
594 2635 631 2691 et
648 2617 868 2692 Custodibus
886 2616 1045 2718 ejusdem
1063 2615 1146 2690 ville
1162 2618 1224 2716 qui
1251 2643 1317 2716 pro
1333 2631 1494 2714 tempore
1517 2614 1649 2688 fuerint

443 2721 480 2792 in
527 2718 632 2792 ffesto
677 2719 884 2793 Natiuitatis
926 2717 1041 2792 Sancti
1077 2716 1250 2810 Johannis
1297 2717 1455 2816 Baptiste
1497 2733 1651 2817 quatuor

443 2820 636 2920 [denarios]
653 2820 906 2920 sterlingorum
923 2817 1080 2892 annualis
1097 2818 1280 2892 redditus:
1305 2836 1340 2891 et
1353 2818 1381 2890 si
1400 2817 1485 2892 dicti
1498 2833 1651 2917 quatuor

442 2922 574 2997 denarii
606 2921 765 2994 annualis
789 2921 951 2994 redditus
985 2935 1102 2993 aretro
1136 2917 1213 2992 fore
1249 2919 1465 3018 contigerint
1490 2919 1528 2990 in
1553 2935 1650 3016 parte

444 3022 499 3096 vel
523 3023 559 3096 in
582 3039 662 3097 toto
682 3023 801 3123 aliquo
825 3047 919 3096 anno
944 3019 1057 3119 [post]
1076 3021 1276 3119 predictum
1299 3018 1430 3093 festum
1451 3043 1514 3117 per
1537 3045 1650 3092 unum

443 3125 660 3224 quarterium
677 3125 758 3198 anni
776 3124 875 3224 quod
888 3141 1018 3196 extunc
1034 3121 1170 3195 licitum
1187 3123 1255 3194 erit
1275 3121 1441 3220 predictis
1462 3119 1596 3221 Majori
1612 3137 1650 3194 et

443 3225 662 3299 Custodibus
678 3250 717 3298 ac
733 3249 857 3298 eorum
881 3221 1138 3297 successoribus
1155 3221 1357 3338 Majoribus
1379 3237 1415 3295 et
1433 3220 1652 3295 Custodibus

442 3326 572 3427 [d]icte
589 3325 671 3399 ville
695 3327 757 3442 qui
785 3351 852 3425 pro
874 3342 1032 3423 tempore
1059 3322 1193 3396 fuerint
1214 3349 1250 3395 m
1274 3321 1469 3421 predictam
1496 3323 1650 3419 placeam

442 3445 534 3500 terre
562 3451 642 3500 cum
670 3451 743 3498 suis
770 3425 1006 3523 pertinenciis,
1033 3424 1078 3498 ad
1098 3448 1408 3523 quorumcumque
1435 3447 1560 3495 manus
1583 3424 1651 3495 im-

442 3543 624 3627 posterum
650 3527 818 3613 evenerit,
832 3551 899 3624 pro
916 3543 953 3599 et
978 3526 1121 3600 nomine
1135 3525 1411 3599 Communitatis
1428 3525 1596 3597 reintrare
1613 3541 1649 3596 et

441 3629 537 3702 illam
576 3628 620 3701 ad
658 3652 749 3725 opus
790 3628 985 3701 eorundem
1013 3625 1177 3700 rehabere
1215 3641 1251 3698 et
1290 3625 1431 3722 pacifice
1471 3625 1649 3723 possidere

441 3731 717 3828 imperpetuum,
735 3728 798 3800 hac
815 3727 1004 3801 indentura
1030 3726 1272 3828 quovismodo
1299 3751 1371 3799 non
1401 3723 1587 3802 obstante:
1613 3741 1649 3798 et

442 3855 505 3904 nos
523 3828 670 3927 predicti
689 3828 811 3930 Major
828 3845 864 3902 et
882 3829 1056 3904 Custodes
1074 3854 1112 3902 ac
1130 3828 1377 3901 Communitas
1393 3827 1487 3901 dicte
1507 3826 1590 3901 ville
1613 3841 1650 3899 et

439 3956 566 4004 eorum
592 3954 806 4004 successores
843 3931 990 4004 eandem
1033 3930 1187 4029 placeam
1221 3945 1313 4002 terre
1347 3953 1430 4001 cum
1465 3928 1535 4000 suis
1569 3951 1651 4025 per-

440 4030 602 4105 tinenciis
619 4029 757 4128 prefato
772 4031 930 4105 Roberto
948 4031 1089 4130 Upton‚
1108 4029 1295 4104 heredibus
1308 4045 1343 4102 et
1363 4029 1548 4128 assignatis
1564 4029 1649 4116 suis,

439 4134 476 4207 in
511 4131 625 4206 forma
658 4132 815 4229 predicta
858 4148 980 4205 contra
1013 4157 1136 4205 omnes
1172 4147 1296 4230 gentes
1325 4127 1649 4203 warrantizabimus

440 4236 713 4332 imperpetuum.
