3748 5266
796 413 976 490 DOVER
1002 411 1282 488 CHARTERS

909 612 1168 706 LXXIII.

764 789 822 870 xvj
847 788 1071 868 Novembris,
1092 801 1134 868 33
1156 787 1246 853 Hen.
1268 785 1330 852 VI.

439 953 656 1025 Novsxrur
674 949 828 1024 universi
843 974 906 1048 per
922 963 1100 1048 presentes
1112 973 1176 1020 nos
1194 946 1402 1038 Robertum,
1419 948 1645 1036 Nicholaum,

437 1072 474 1127 et
499 1051 685 1145 Jacobum,
715 1050 819 1123 ffilios
852 1065 887 1123 et
929 1048 1074 1123 heredes
1100 1048 1273 1122 Willelmi
1311 1051 1423 1140 Dede,
1458 1075 1569 1149 nuper
1602 1049 1647 1122 de

440 1152 669 1251 Shaterlynge
696 1153 733 1224 in
767 1152 939 1224 Parochia
972 1151 1017 1224 de
1050 1150 1177 1249 Staple,
1208 1150 1380 1224 remisisse
1413 1151 1579 1226 relaxasse
1612 1165 1647 1223 et

440 1255 589 1330 omnino
622 1279 689 1352 pro
723 1251 825 1326 nobis
857 1267 894 1325 et
937 1251 1122 1325 heredibus
1156 1252 1285 1324 nostris
1318 1253 1579 1352 imperpetuum
1613 1268 1648 1326 et

440 1356 601 1456 quietum
626 1355 788 1428 clamasse
813 1354 956 1426 Thome
977 1353 1092 1440 Dade,
1107 1351 1221 1425 ffrstri
1247 1369 1381 1443 nostro,
1400 1354 1437 1427 in
1463 1379 1524 1428 sua
1546 1354 1650 1452 plena

441 1457 657 1556 possessione
703 1471 821 1527 totum
850 1453 912 1555 jus
946 1469 1108 1528 nostrum
1141 1469 1272 1526 statum
1305 1471 1342 1528 et
1375 1455 1547 1528 clameum
1580 1479 1649 1553 que

443 1583 599 1657 unquam
632 1554 819 1629 habuimus
861 1554 1027 1628 habemus
1068 1581 1129 1628 seu
1171 1555 1409 1653 quovismodo
1448 1555 1649 1629 infuturum

443 1660 568 1733 habere
601 1658 804 1755 poterimus,
839 1656 884 1730 de
911 1672 946 1728 et
980 1656 1017 1728 in
1045 1681 1119 1728 uno
1145 1657 1324 1755 mesuagio
1353 1683 1414 1730 sex
1443 1659 1530 1730 acris
1558 1673 1650 1730 terre

443 1759 581 1835 arabilis
606 1775 642 1830 et
668 1756 783 1831 tribus
809 1757 897 1829 acris
922 1756 1019 1830 broci
1045 1783 1126 1830 curn
1161 1758 1232 1830 suis
1257 1757 1482 1854 pertinenciis
1506 1759 1650 1833 divisim

443 1861 599 1934 scituatis
625 1857 886 1959 rejacentibus
913 1858 949 1930 in
987 1857 1161 1957 parochiis
1190 1859 1235 1932 de
1261 1858 1377 1955 Staple
1414 1859 1581 1959 predicta,
1616 1875 1651 1931 et

444 1961 660 2060 Wyngham,
689 1974 798 2058 prout
814 1975 907 2032 mete
932 1975 968 2031 et
994 1958 1113 2032 bunde
1137 1959 1220 2032 inde
1246 1960 1402 2059 undique
1426 1961 1593 2034 dividunt
1616 1976 1651 2032 et

445 2064 700 2150 demonstrant,
728 2061 821 2134 unde
856 2060 1055 2159 predictum
1083 2060 1302 2160 mesuagium
1339 2061 1528 2135 scituatum
1558 2061 1652 2160 apud

443 2162 684 2262 Shaterlynge,
709 2177 746 2234 et
769 2186 839 2234 una
871 2185 948 2234 acra
967 2160 1059 2260 jacet
1075 2177 1174 2234 extra
1199 2177 1337 2259 portam
1370 2163 1456 2238 dicti
1483 2163 1652 2260 mesuagii

446 2267 482 2336 in
509 2262 645 2337 duabus
665 2261 833 2360 percellis,
852 2277 888 2335 et
914 2277 985 2334 tres
1009 2263 1095 2338 rode
1117 2277 1213 2338 terre
1236 2263 1392 2359 predicte
1416 2264 1533 2364 jacent
1558 2263 1653 2361 apud

447 2364 630 2462 Lanteghe
666 2363 702 2435 in
727 2362 863 2437 duabus
889 2362 1056 2460 percellis,
1079 2380 1115 2437 et
1142 2389 1212 2437 una
1245 2388 1322 2436 acra
1341 2364 1435 2464 jacet
1458 2366 1495 2437 in
1518 2365 1653 2438 duabus

446 2465 605 2564 percellis
632 2465 737 2564 juxta
770 2464 990 2563 mesuagium
1033 2489 1145 2562 nuper
1178 2463 1344 2538 Edwardi
1380 2465 1584 2554 Newenarn‚
1618 2481 1654 2538 et

447 2592 517 2640 una
542 2566 628 2640 roda
640 2565 733 2665 jacet
754 2565 848 2663 apud
866 2563 1093 2664 Lytylstrete‚
1112 2581 1148 2638 et
1173 2565 1320 2638 dimidia
1344 2591 1421 2638 acra
1443 2567 1536 2667 jacet
1559 2567 1654 2666 apud

448 2667 633 2759 Estffelde,
667 2680 703 2738 et
736 2665 884 2739 dimidia
912 2690 990 2738 acra
1016 2665 1109 2763 apud
1139 2667 1299 2758 Orkcne,
1329 2682 1365 2740 et
1398 2668 1545 2743 dimidia
1578 2693 1655 2742 acra

448 2769 541 2868 apud
559 2765 801 2864 Hobbyssole‚
818 2781 854 2839 et
870 2765 1019 2841 dimidia
1043 2791 1120 2840 acra
1131 2766 1225 2866 jacet
1241 2768 1335 2864 apud
1354 2769 1657 2868 Kyngessestrete,

448 2888 484 2942 et
517 2867 666 2944 dimidia
699 2892 775 2940 acra
809 2866 902 2966 jacet
931 2868 1025 2964 apud
1066 2867 1291 2967 Brykenolle
1325 2885 1360 2941 et
1400 2869 1546 2945 dimidia
1578 2896 1657 2945 acra

449 2985 542 3043 terre
566 2970 659 3070 jacet
684 2968 782 3042 'uxta
798 2967 1173 3066 Welmystonecrosse,
1190 2984 1226 3041 et
1242 2985 1314 3041 tres
1330 2994 1407 3042 acre
1425 2969 1520 3044 broci
1539 2971 1657 3071 jacent

446 3072 541 3170 apud
572 3071 676 3167 Byho
690 3086 725 3144 te
754 3069 790 3142 in
818 3068 983 3166 parochia
1011 3070 1056 3142 de
1090 3067 1206 3168 Staple
1241 3070 1421 3167 predicta:
1466 3073 1516 3146 ita
1557 3073 1654 3172 quod

449 3199 512 3245 nec
549 3196 613 3244 nos
648 3170 835 3259 Robertus,
877 3169 1083 3259 Nicholaus,
1110 3186 1146 3243 et
1181 3169 1345 3264 Jacobus,
1389 3173 1551 3270 predicti,
1594 3199 1657 3248 nec

449 3273 594 3346 heredes
628 3271 740 3344 nostri
771 3295 833 3342 nec
875 3268 1002 3368 aliquis
1043 3271 1132 3344 alius
1170 3271 1312 3345 nomine
1354 3290 1488 3364 nostro,
1524 3275 1656 3373 aliquid

450 3374 536 3470 juris
560 3388 672 3445 status
696 3385 732 3442 et
755 3369 876 3444 elamei
901 3369 938 3443 in
968 3372 1135 3469 predictis
1159 3373 1340 3473 mesuagio
1358 3399 1424 3447 sex
1453 3376 1540 3448 acris
1566 3391 1658 3448 terre

450 3473 589 3547 arabilis
615 3488 652 3546 et
681 3471 794 3544 tribus
820 3470 909 3544 acris
935 3470 1031 3546 broci
1060 3497 1140 3546 cum
1168 3475 1240 3547 suis
1266 3475 1500 3571 pertinenciis,
1530 3501 1594 3548 nec
1621 3477 1658 3550 in

451 3576 568 3672 aliqua
584 3573 666 3647 inde
683 3570 841 3671 parcella,
858 3573 903 3646 de
921 3587 1038 3645 cetero
1062 3573 1201 3673 exigere
1224 3575 1371 3648 clamare
1396 3601 1457 3649 seu
1474 3577 1659 3652 vendicare

452 3675 646 3773 poterimus
671 3671 883 3762 infuturum,
910 3689 963 3745 set
989 3672 1032 3746 ab
1066 3675 1163 3747 omni
1199 3677 1339 3748 accione
1359 3678 1450 3777 juris
1483 3694 1594 3751 status
1623 3697 1659 3753 et

453 3775 573 3850 clamei
591 3774 673 3848 inde
689 3774 830 3872 petend’
847 3773 957 3846 simus
969 3775 1099 3847 exclusi
1116 3775 1376 3876 imperpetuum
1393 3804 1455 3876 per
1473 3797 1658 3877 presentes.

529 3877 571 3948 In
612 3876 711 3976 cujus
747 3877 796 3948 rei
841 3875 1083 3949 testimonium
1122 3876 1343 3975 presentibus
1382 3879 1497 3980 sigilla
1540 3897 1660 3954 nostra

453 4001 691 4077 apposuimus.

529 4079 623 4151 Data
655 4091 757 4150 sexto
788 4076 928 4150 decimo
961 4075 1019 4150 die
1049 4077 1265 4152 Novembris
1298 4104 1392 4153 anno
1424 4081 1523 4180 regni
1554 4083 1661 4183 Regis

456 4179 619 4271 Henrici,
637 4178 725 4250 sexti
740 4194 820 4276 post
836 4195 1070 4276 conquestum
1087 4179 1231 4278 Anglie‚
1250 4179 1427 4254 tricesimo
1443 4183 1563 4256 tercio.

537 4279 623 4352 Hiis
652 4276 826 4352 testibus:
867 4278 1009 4351 Thoma
1050 4279 1229 4378 Bertyne;
1263 4281 1448 4355 Willelmo
1482 4285 1661 4382 Bertyne;

455 4379 610 4584 {umido
635 4381 760 4466 Dade3
785 4379 974 4451 Willelmo
1000 4379 1127 4468 Dade3
1153 4379 1286 4475 Jacobo
1308 4384 1485 4481 Bertyne;
1520 4401 1556 4457 et
1573 4385 1660 4460 aliis.

477 4506 541 4575 141
1528 4523 1531 4540 ·
