3702 5254
467 463 541 538 ³74
758 493 761 498 ·
824 443 1002 520 DOVER
1026 443 1305 522 CHARTERS

1000 645 1142 730 CIX.

910 831 927 884 1
947 817 1058 900 Juull
1081 831 1099 885 1
1122 817 1239 902 tam.

468 967 559 1043 Hac
585 967 775 1044 indentura
796 984 947 1045 testatur
965 969 1066 1070 quod
1085 970 1247 1045 Thomas
1267 971 1417 1070 ffynnet,
1445 972 1567 1074 Major
1591 971 1678 1046 ville

466 1086 503 1143 et
523 1070 652 1144 Portus
677 1069 851 1160 Dovorie,
868 1071 906 1144 in
927 1071 1110 1145 Comitatu
1136 1071 1281 1160 Kancie,
1297 1073 1477 1166 Johannes
1503 1072 1677 1160 Marbull,

465 1171 646 1265 Johannes
677 1169 825 1266 Robins,
858 1171 1063 1246 Willelmus
1096 1173 1250 1271 Geylles,
1283 1189 1320 1247 et
1348 1173 1527 1248 Robertus
1554 1172 1675 1262 Seller,

470 1271 649 1346 Custodes
677 1272 771 1346 dicte
799 1271 895 1362 ville,
930 1273 1137 1346 unanimum
1167 1273 1372 1348 *assensum
1401 1291 1436 1348 et
1465 1299 1677 1348 concensum

469 1374 582 1447 totius
598 1373 875 1448 communitatis
898 1371 1058 1489 ejusdem
1080 1373 1165 1448 ville
1186 1375 1410 1449 tradiderunt
1430 1392 1677 1449 concesserunt

469 1491 507 1546 et
530 1475 575 1548 ad
595 1473 714 1548 *nodi
730 1474 868 1548 firmam
885 1473 1096 1550 dimiserunt
1111 1473 1301 1549 Anthonio
1317 1476 1437 1550 Reade
1462 1476 1507 1551 de
1532 1477 1617 1548 villa
1641 1491 1678 1550 et

471 1591 579 1674 portu
596 1576 744 1649 Dovore
760 1575 928 1673 predicte,
946 1600 1108 1674 yeoman,
1126 1599 1233 1650 unam
1246 1601 1393 1650 vacuam
1405 1577 1571 1674 *placem
1585 1593 1676 1650 terre

471 1701 554 1750 cum
583 1673 749 1751 omnibus
777 1675 849 1750 suis
882 1677 1119 1774 pertinenciis,
1149 1677 1392 1750 continentem
1421 1677 1459 1750 in
1488 1677 1678 1752 latitudine

471 1777 594 1853 'duos
621 1794 730 1852 metas
755 1776 860 1850 rodas
887 1793 977 1850 terre
1004 1794 1041 1852 et
1067 1777 1291 1852 'demidiam
1317 1778 1441 1852 rodam
1466 1793 1568 1866 terre,
1586 1793 1623 1851 et
1640 1779 1679 1850 in

472 1877 697 1978 longitudine
717 1877 875 1978 quinque
899 1877 1004 1952 rodas
1020 1893 1124 1972 terre,
1140 1877 1298 1979 jacentes
1313 1893 1350 1952 et
1376 1879 1562 1953 existentes
1587 1877 1680 1952 infra

471 1978 670 2053 libertatem
690 1979 776 2052 ville
790 1995 827 2054 et
845 1995 969 2077 portus
986 1979 1146 2054 Dovorie
1163 1979 1319 2079 predicte
1335 1980 1429 2053 inter
1444 1979 1466 2022 ⁴
1477 1997 1569 2053 terre
1584 1980 1680 2054 dicte

474 2078 556 2152 ville
583 2079 693 2153 modo
712 2080 750 2152 in
770 2079 981 2178 ocupatione
999 2079 1130 2182 Rogeri
1149 2079 1272 2154 Wood
1288 2105 1411 2154 versus
1427 2081 1680 2174 sowtheweast,

472 2197 509 2255 et
521 2179 542 2220 ⁴¹
552 2195 644 2254 terre
657 2179 740 2253 ville
750 2181 905 2279 predicte
918 2182 1028 2255 modo
1040 2181 1077 2254 in
1090 2181 1302 2280 ocupatione
1317 2179 1519 2254 Willelmus
1536 2181 1680 2255 Burden

473 2305 597 2355 versus
640 2281 832 2374 northeast‚
871 2297 907 2356 et
951 2281 1100 2381 Regiam
1144 2283 1237 2356 viam
1273 2306 1396 2355 versus
1434 2283 1679 2372 northeweast,

473 2399 510 2457 et
535 2381 628 2482 ripas
653 2383 759 2456 maris
783 2407 906 2458 versus
927 2382 1127 2470 sowtheast,
1145 2381 1332 2456 Hasauo’
1351 2407 1398 2456 rr
1416 2383 1581 2458 reusuo’
1599 2407 1682 2480 pre-

475 2483 606 2557 dictam
628 2507 774 2557 vacuam
799 2483 964 2582 'placem
983 2500 1073 2558 terre
1091 2507 1172 2556 cum
1188 2482 1352 2556 omnibus
1369 2483 1440 2558 suis
1456 2483 1684 2582 pertinenciis

475 2582 611 2682 prefato
628 2584 817 2657 Anthonio
834 2584 963 2673 Reade,
980 2583 1168 2658 heredibus
1184 2598 1221 2659 et
1240 2585 1423 2684 assignatis
1439 2585 1522 2674 suis,
1546 2611 1566 2658 a
1588 2582 1683 2658 festo

475 2685 589 2758 Sancti
619 2685 807 2758 Michaelis
839 2684 1064 2785 Archangeli,
1091 2685 1221 2758 ultimo
1243 2684 1417 2783 preterito
1449 2702 1531 2759 ante
1562 2685 1681 2758 datam

475 2785 703 2884 presentium,
729 2786 774 2859 de
802 2810 896 2859 anno
924 2787 962 2858 in
987 2810 1120 2859 annum
1147 2810 1220 2858 uno
1249 2801 1331 2884 post
1359 2785 1468 2858 alium
1497 2787 1683 2885 usquead

477 2887 583 2960 finem
607 2903 644 2959 et
660 2888 853 2959 terminum
877 2886 1033 2960 lxaoorix.
1056 2911 1230 2959 annorum
1257 2911 1300 2958 ex
1326 2901 1412 2960 tunc
1436 2886 1682 2985 proximorum

476 2987 699 3087 sequentium
723 3005 761 3061 et
784 2986 935 3084 plenarie
960 2986 1185 3085 complend’:
1212 2984 1363 3060 faciend'
1389 2987 1471 3060 inde
1495 2988 1684 3061 servitium

477 3088 623 3161 domine
646 3103 764 3160 nostre
783 3088 916 3186 Regine
940 3103 976 3160 et
1000 3086 1255 3160 successoribus
1279 3087 1351 3160 suis
1376 3089 1571 3162 secundum
1596 3113 1685 3161 con-

478 3188 700 3262 suetudinem
736 3205 860 3287 portus
902 3188 1059 3260 Dovorie
1100 3187 1255 3286 predicte
1294 3212 1375 3262 cum
1409 3189 1597 3262 acciderit:
1643 3215 1684 3262 ac

477 3289 585 3363 etiam
626 3288 798 3363 reddend’
840 3303 877 3362 et
918 3287 1077 3362 solveud’
1120 3288 1203 3362 inde
1244 3288 1426 3362 annuatim
1469 3290 1603 3390 Majori
1647 3305 1686 3363 et

479 3388 697 3464 Custodibus
725 3389 818 3463 dicte
847 3387 943 3479 ville,
960 3388 1025 3487 qui
1041 3406 1129 3463 tunc
1153 3414 1220 3486 pro
1246 3405 1405 3488 tempore
1429 3387 1617 3478 'fuerunt
1645 3390 1685 3463 in

479 3488 572 3565 festo
582 3489 848 3588 Assumptionis
859 3487 958 3564 beate
971 3489 1088 3563 Marie
1102 3489 1259 3589 Virginis
1271 3489 1467 3564 duodecem
1483 3490 1505 3531 ¹
1514 3491 1686 3564 denareos

479 3617 547 3692 pro
575 3591 715 3665 annuali
743 3590 890 3665 reditu:
928 3607 965 3664 et
993 3591 1021 3663 si
1052 3590 1235 3690 contingat
1264 3591 1463 3689 predictum
1496 3591 1686 3665 annualem

479 3691 635 3766 reditum
662 3691 707 3765 de
732 3691 815 3791 xijd.
841 3691 886 3764 ad
912 3690 1042 3764 festum
1066 3690 1136 3765 vell
1164 3693 1355 3765 terminum
1382 3691 1582 3790 predictum
1611 3717 1687 3792 quo

480 3791 570 3867 solvi
588 3792 714 3867 debeat
730 3807 846 3865 aretro
868 3789 944 3866 fore
961 3793 997 3864 in
1016 3808 1114 3890 parte
1139 3792 1209 3865 vell
1226 3793 1262 3865 in
1279 3807 1360 3866 toto
1382 3793 1476 3866 ultra
1491 3793 1686 3868 terminum

480 3893 678 3992 predictum
709 3918 771 3990 per
801 3893 954 3991 spatium
983 3892 1091 3966 XV⁸²
1119 3893 1271 3985 dierum,
1302 3909 1387 3966 tunc
1412 3893 1550 3968 licitum
1579 3893 1687 3968 *erat

483 3993 616 4094 Majori
641 4010 678 4068 et
704 3993 922 4068 Custodibus
945 3992 1028 4068 ville
1054 3994 1210 4093 predicte
1234 3993 1295 4093 qui
1322 4009 1407 4068 tunc
1432 4019 1498 4092 pro
1525 4012 1688 4093 tempore

480 4097 502 4138 ¹
512 4095 658 4170 fuerunt
675 4097 710 4169 in
726 4095 919 4194 predictam
933 4121 1079 4170 vacuam
1092 4097 1227 4194 placem
1240 4111 1333 4168 terre
1346 4121 1427 4168 cum
1438 4096 1603 4169 omnibus
1614 4097 1688 4170 suis

481 4195 704 4299 pertinenciis
737 4197 782 4271 ad
813 4220 1121 4296 quorumcumque
1158 4221 1283 4270 manus
1315 4195 1483 4287 evenerit,
1518 4197 1687 4270 reintrare
