3702 5254
418 465 487 557 308
777 461 958 536 oovsa
985 461 1263 536 cernamus

413 665 488 738 sive
504 665 705 764 aliquorum
722 677 950 751 statutorum,
965 662 1002 736 in
1020 663 1258 738 Parliarnento
1271 665 1367 762 apud
1380 661 1627 736 Westmonas-

414 767 544 839 terium
572 781 684 853 tento,
713 789 805 838 anno
832 765 932 865 regni
961 765 1189 862 precarissimi
1217 763 1325 861 patris
1354 765 1465 838 nostri
1501 764 1623 853 tercio,

416 892 482 967 pro
517 863 773 940 reformacione
809 881 1057 962 corruptarum
1091 881 1127 938 et
1153 865 1354 938 illicitarum
1381 865 1624 966 barganiarum

415 983 546 1040 extunc
564 966 681 1056 flend,
700 967 879 1040 editorum
896 982 932 1040 et
949 967 1187 1066 provisorum,
1206 991 1244 1039 ac
1269 983 1392 1042 contra
1418 965 1571 1039 formam
1588 981 1625 1037 et

415 1068 678 1142 ordinacionem
717 1067 860 1140 alterius
897 1069 1020 1141 statuti
1059 1067 1134 1140 sive
1166 1067 1404 1141 ordinacionis
1430 1068 1467 1142 in
1493 1065 1626 1140 Parlia-

417 1186 540 1244 mento
555 1169 649 1267 apud
667 1167 1037 1256 westmonasterium,
1063 1193 1157 1242 anno
1173 1170 1273 1268 regni
1291 1167 1440 1268 predicti
1458 1167 1624 1242 carissimi

417 1271 526 1370 patris
544 1270 654 1344 nostri
683 1269 874 1343 undecimo
899 1285 1012 1360 tento,
1041 1269 1203 1343 similiter
1230 1267 1316 1342 editi
1343 1285 1380 1343 et
1407 1269 1540 1366 provisi
1559 1293 1625 1369 pro

417 1371 605 1472 punicione
628 1396 816 1444 usurarum
839 1371 912 1444 sive
940 1385 1164 1444 usuratorum
1191 1386 1228 1442 et
1254 1395 1320 1470 pro
1346 1369 1565 1444 feneracione
1591 1386 1628 1442 et

416 1472 633 1573 prestacione
658 1473 732 1544 sive
759 1471 958 1545 imitacione
985 1488 1126 1545 monete
1154 1487 1277 1546 contra
1303 1469 1455 1546 formam
1482 1471 1627 1546 ordina-

416 1574 526 1647 cionis
542 1573 617 1649 sive
634 1589 732 1647 actus
748 1572 853 1663 illius,
871 1573 945 1644 sive
961 1572 1106 1672 alicujus
1123 1572 1266 1646 alterius
1279 1573 1467 1646 actussive
1484 1572 1628 1646 ordina-

417 1674 527 1750 cionis
539 1675 622 1749 inde
634 1673 720 1747 editi
733 1689 769 1746 et
782 1672 924 1773 provisi.
974 1673 1399 1772 Paaoounvvsinsuper
1411 1673 1627 1747 remittimus

417 1792 453 1848 et
471 1775 664 1850 relaxamus
680 1774 811 1848 eisdem
831 1773 976 1874 Majori,
993 1774 1142 1863 Ballivo,
1163 1791 1199 1847 et
1225 1773 1483 1848 Communitati
1509 1774 1625 1848 omni-

418 1877 541 1950 modas
567 1875 718 1951 offensas
742 1892 779 1950 et
806 1875 1100 1976 transgressiones
1126 1875 1239 1966 nobis,
1260 1901 1322 1950 seu
1340 1875 1443 1948 alicui
1460 1874 1628 1976 progeni-

417 1994 539 2052 torurn
568 1977 642 2050 sive
672 1975 955 2076 predecessorum
986 1993 1201 2065 nostrorum,
1232 2002 1294 2075 per
1323 1975 1418 2076 ipsos
1435 1976 1626 2078 Majorem,

418 2079 606 2166 Ballivum,
623 2093 660 2150 et
677 2076 992 2166 communitatem,
1006 2093 1128 2152 contra
1146 2076 1300 2151 formam
1317 2102 1627 2177 quorumcumque

416 2196 453 2252 et
468 2179 693 2279 singulorum
710 2193 928 2252 statutorum
943 2177 989 2251 de
1005 2203 1077 2252 non
1090 2179 1306 2253 inveniendo
1322 2179 1546 2253 securitatem
1564 2203 1627 2276 per

417 2279 678 2395 recogniciones
700 2278 736 2352 in
758 2277 975 2353 Cancellario
997 2297 1120 2354 nostro
1143 2295 1223 2379 post
1246 2279 1391 2379 aliquod
1413 2279 1627 2354 escambium

418 2406 481 2479 per
498 2405 592 2480 ipsos
610 2379 801 2480 Majorerm
822 2379 1009 2470 Ballivurn,
1026 2397 1061 2454 et
1089 2380 1406 2472 communitatem,
1432 2397 1494 2456 aut
1521 2397 1628 2454 testa-

417 2499 511 2556 tores
540 2506 635 2570 suos,
664 2482 738 2554 sive
768 2480 921 2581 aliquem
956 2481 1064 2556 aliurn
1100 2481 1353 2557 obintestatum
1386 2483 1628 2570 decedentem,

418 2581 520 2683 cujus
559 2581 820 2656 administracio
860 2581 1034 2656 bonorum
1068 2582 1200 2657 eisdem
1237 2583 1382 2685 Majori,
1413 2583 1561 2675 Ballivo,
1591 2599 1627 2656 et

418 2682 676 2758 Communitati
707 2683 892 2758 commissa
919 2682 999 2776 fuit,
1028 2701 1108 2758 ante
1132 2685 1284 2758 eundem
1312 2685 1408 2760 diem
1436 2685 1555 2774 factas,
1583 2685 1628 2757 ad

418 2783 635 2883 approvand’
661 2783 753 2858 infra
777 2809 926 2885 regnum
951 2802 1115 2860 nostrum
1132 2786 1177 2859 de
1193 2787 1506 2861 commoditatibus
1522 2784 1629 2859 hu'us

419 2885 519 2986 regni
547 2885 591 2960 ad
619 2887 775 2960 valorem
801 2885 852 2958 rei
880 2901 916 2960 et
942 2885 1089 2984 pecunie
1110 2911 1171 2985 per
1196 2885 1290 2985 ipsos
1308 2887 1498 2988 Majorem,
1519 2810 1628 2962 Balli-

420 3013 519 3079 vum,
550 3004 586 3062 et
620 2986 922 3062 Communitatem
952 2985 1000 3060 sic
1029 2985 1249 3061 escambitis:
1287 2989 1343 3060 Ac
1376 3013 1500 3062 omnes
1524 2987 1629 3062 foris-

419 3086 582 3177 facturas,
610 3089 824 3186 penalitates,
858 3104 894 3162 et
927 3086 1154 3162 denariorum
1183 3113 1338 3162 summas
1367 3089 1469 3164 nobis
1497 3088 1533 3162 in
1564 3089 1628 3162 hac

420 3207 517 3287 parte
568 3188 703 3262 debitas
745 3187 818 3261 sive
866 3187 1104 3285 pertinentes:
1158 3190 1214 3262 Ac
1259 3190 1483 3265 omnimodas
1523 3189 1630 3264 foris-

420 3288 584 3376 facturas,
626 3287 893 3376 concelamenta
946 3286 1183 3387 deccpciones,
1237 3316 1369 3378 usuras,
1425 3307 1628 3366 contractus

420 3413 619 3477 usurarum,
647 3388 826 3488 barganias
856 3404 1049 3486 corruptas,
1083 3389 1332 3480 chevesancias,
1362 3393 1628 3481 convenciones,

420 3490 666 3577 coloraciones,
683 3487 865 3578 escambia,
889 3488 1116 3563 re-escambia
1140 3508 1308 3591 corrupta
1329 3510 1365 3567 et
1388 3493 1519 3584 illicita,
1544 3495 1628 3566 mis-

421 3591 603 3691 prisiones,
620 3605 856 3688 contemptus,
874 3589 1129 3688 impericiones,
1156 3595 1388 3694 recepciones,
1414 3595 1627 3694 emptiones,

420 3691 670 3780 mutuaciones‚
683 3689 926 3788 prestaciones,
940 3689 1112 3767 facciones
1128 3711 1164 3768 et
1180 3695 1406 3770 vendiciones
1421 3695 1629 3770 illicitorum

420 3818 620 3892 pannorum
645 3793 840 3880 laneorum,
869 3791 1051 3882 liniarum,
1079 3795 1287 3886 ccricorum,
1317 3798 1487 3887 lanarum,
1517 3795 1629 3871 corri-

420 3919 536 3984 orum,
552 3911 772 3984 stannorum,
796 3893 1036 3992 plumborum,
1064 3897 1375 3988 mercandizarum,
1402 3899 1628 3972 mercimoni-

421 4021 539 4084 orum,
566 4019 606 4068 ac
633 3993 778 4069 aliarum
806 4020 926 4068 rerum
953 4021 1270 4098 quarumcumque,
1293 4025 1331 4074 ac
1357 3998 1629 4074 deliberaciones

420 4097 637 4170 eorundem:
676 4095 825 4170 Necnon
852 4095 991 4171 illicitas
1018 4099 1242 4174 vendiciones
1269 4126 1336 4198 pro
1364 4127 1434 4175 non
1462 4115 1629 4202 prompta

420 4196 595 4272 solutione
622 4196 847 4271 denariorum
873 4223 1104 4288 summarum,
1122 4202 1177 4274 vel
1203 4201 1515 4276 mercimoniorum
1533 4226 1628 4275 mer-

421 4298 597 4373 catoribus
625 4298 796 4372 extraneis
825 4298 1062 4390 venditorum,
1096 4303 1152 4375 vel
1181 4326 1249 4401 pro
1277 4301 1402 4376 diebus
1438 4303 1627 4378 solucionis
